@article{Pimenta2006,
    title = {Deployment of Heterogeneous Robotic Networks in Non-Convex Environments},
    year = {2006},
    author = {Pimenta, Luciano C A and Bhattacharya, Subhrajit and Figueiredo, Lucas C and Kumar, Vijay},
    pages = {1--16}
}

@article{Lau2012,
    title = {Efficient grid-based spatial representations for robot navigation in dynamic environments},
    year = {2013},
    journal = {Robotics and Autonomous Systems},
    author = {Lau, Boris and Sprunk, Christoph and Burgard, Wolfram},
    number = {10},
    pages = {1116–1130},
    volume = {61}
}

@inproceedings{Harabor2008,
    title = {Hierarchical path planning for multi-size agents in heterogeneous environments},
    year = {2008},
    booktitle = {IEEE Symposium On Computational Intelligence and Games},
    author = {Harabor, Daniel. and Botea, Adi.},
    pages = {258 - 265},
    publisher = {IEEE}
}

@article{Navigation1991,
    title = {Aretraction'method for learned navigation in unknown terrains for a circular robot},
    year = {1991},
    journal = {IEEE Transactions on Robotics and Automation},
    author = {Rao, NSV and Stoltzfus, N and Iyengar, SS},
    number = {5},
    pages = {699--707},
    volume = {7}
}

@inproceedings{Mahboubi2013,
    title = {Distributed coverage optimization in a network of static and mobile sensors},
    year = {2013},
    booktitle = {American Control Conference},
    author = {Mahboubi, Hamid and Habibi, Jalal},
    pages = {6877--6881},
    publisher = {IEEE}
}

@article{ODunlaing1985,
    title = {A “retraction” method for planning the motion of a disc},
    year = {1985},
    journal = {Journal of Algorithms},
    author = {{\'{O}}'D{\'{u}}nlaing, C and Yap, CK},
    pages = {104--111},
    volume = {111}
}

@article{Liu2013,
    title = {Dynamic coverage of mobile sensor networks},
    year = {2013},
    journal = {IEEE Transaction on Parallel And Distributed System},
    author = {Liu, Benyuan and Dousse, Olivier and Nain, Philippe and Towsley, Don},
    number = {2},
    pages = {301--311},
    volume = {24}
}

@article{Rohini2008,
    title = {Sensors in Unmanned Robotic Vehicle},
    year = {2008},
    journal = {Defence Science Journal},
    author = {Rohini, B and Reddy, J Sreekantha},
    number = {3},
    pages = {409--413},
    volume = {58}
}

@inproceedings{Pimenta2008,
    title = {Sensing and coverage for a network of heterogeneous robots},
    year = {2008},
    booktitle = {In proc. of IEEE Conference on Decision and Control (CDC)},
    author = {Pimenta, Luciano C. A. and Kumar, Vijay and Mesquita, Renato C. and Pereira, Guilherme A. S.},
    number = {2},
    pages = {3947--3952},
    publisher = {IEEE}
}

@incollection{Howard2002,
    title = {Mobile Sensor Network Deployment using Potential Fields : A Distributed , Scalable Solution to the Area Coverage Problem},
    year = {2002},
    booktitle = {Distributed Autonomous Robotic Systems},
    author = {Howard, Andrew and Matari, Maja J and Sukhatme, Gaurav S},
    pages = {299--308},
    publisher = {Springer Japan}
}

@inproceedings{Simmons,
    title = {Coordinated deployment of multiple, heterogeneous robots},
    year = {2000},
    booktitle = {International Conference on Intelligent Robots and Systems (IROS )},
    author = {Simmons, R. and Apfelbaum, D. and Fox, D. and Goldman, R.P. and Haigh, K.Z. and Musliner, D.J. and Pelican, M. and Thrun, S.},
    pages = {2254--2260},
    volume = {3},
    publisher = {IEEE}
}

@article{Pericle2010,
    title = {ADVANCED ROBOTICS Call for Papers Special Issue on Legal and Safety Constraints for Service Robots Deployment},
    year = {2010},
    author = {Pericle, Editors and Scuola, Salvini and Sant, Superiore}
}

@article{Batalin2004,
    title = {Coverage, Exploration and Deployment by a Mobile Robot and Communication Network},
    year = {2004},
    journal = {Telecommunication Systems Journal},
    author = {Batalin, Maxim a. and Sukhatme, Gaurav S.},
    number = {2-4},
    month = {6},
    pages = {181--196},
    volume = {26}
}

@article{Cortes2004,
    title = {Coverage control for mobile sensing networks},
    year = {2004},
    journal = {Robotics and Automation, IEEE Transactions on},
    author = {Cortes, J and Martinez, S and Karatas, T and Bullo, Francesco},
    number = {2},
    pages = {243--255},
    volume = {20}
}

@article{Howard2006,
    title = {Experiments with a large heterogeneous mobile robot team: Exploration, mapping, deployment and detection},
    year = {2006},
    journal = {International Journal of Robotics Research},
    author = {Howard, A and Parker, LE and Sukhatme, GS},
    pages = {431--447},
    volume = {25}
}

@article{Bhattacharya2013a,
    title = {Distributed coverage and exploration in unknown non-convex environments},
    year = {2013},
    journal = {Distributed Autonomous Robotic Systems, Springer Tracts in Advanced Robotics},
    author = {Bhattacharya, Subhrajit and Michael, Nathan and Kumar, Vijay},
    pages = {61--75},
    volume = {83}
}

@article{Bhattacharya2013,
    title = {Multi-robot coverage and exploration on Riemannian manifolds with boundaries},
    year = {2013},
    journal = {The International Journal of Robotics Research},
    author = {Bhattacharya, S. and Ghrist, R. and Kumar, V.},
    doi = {10.1177/0278364913507324},
    number = {1},
    month = {10},
    pages = {113--137},
    volume = {33}
}

@article{Soltero2013,
    title = {Decentralized path planning for coverage tasks using gradient descent adaptive control},
    year = {2013},
    journal = {The International Journal of Robotics Research},
    author = {Soltero, D. E. and Schwager, M. and Rus, D.},
    number = {0},
    month = {10},
    pages = {1--25},
    volume = {0}
}

@article{Thorpe,
    title = {Safe Robot Driving The need for 360 degree safeguarding Testbed Vehicle},
    author = {Thorpe, Chuck and Aufrere, Romuald and Carlson, Justin and Duggins, Dave and Fong, Terry and Gowdy, Jay and Kozar, John and Maclaughlin, Rob and Mccabe, Colin and Mertz, Christoph and Suppe, Arne and Wang, Bob}
}

@article{Thorpe2005,
    title = {Safe robot driving in cluttered environments},
    year = {2005},
    journal = {Robotics Research},
    author = {Thorpe, Chuck and Carlson, Justin and Duggins, Dave}
}

@article{Bhattacharya2013WAFR,
    title = {Multi-robot Coverage and Exploration in Non-Euclidean Metric Spaces},
    year = {2013},
    journal = {Algorithmic Foundations of Robotics X, Springer Tracts in Advanced Robotics},
    author = {Bhattacharya, Subhrajit and Ghrist, Robert and Kumar, Vijay},
    pages = {245--262},
    volume = {86}
}

@book{Cort2009,
    title = {Distributed Control of Robotic Networks A Mathematical Approach to Motion Coordination Algorithms Francesco Bullo Jorge Cort ´ es Sonia Mart ´},
    year = {2009},
    author = {F. Bullo, J. Cortes, and Martinez},
    publisher = {Applied Mathematics Series, Princeton Univeristy Press}
}

@article{Amundson2009,
    title = {A survey on localization for mobile wireless sensor networks},
    year = {2009},
    journal = {Mobile Entity Localization and Tracking in GPS-less Environnments, Lecture Notes in Computer Science},
    author = {Amundson, Isaac and Koutsoukos, XD},
    pages = {235--254},
    volume = {5801}
}

@incollection{Suzuki2008,
    title = {Deployment of Wireless Sensor Network using Mobile Robots to Construct an Intelligent Environment in a Multi-Robot Sensor Network},
    year = {2008},
    booktitle = {Advances in Service Robotics},
    author = {Suzuki, Tsuyoshi and Kawabata, Kuniaki},
    publisher = {INTECH}
}

@inproceedings{Martinez2005,
    title = {On synchronous robotic networks Part I: Models, tasks and complexity notions},
    year = {2005},
    booktitle = {IEEE Conference on Decision and Control},
    author = {Mart{\'{i}}nez, S and Bullo, Francesco and Cortes, Jorge and Frazzoli, Emilio},
    pages = {2847--2852},
    publisher = {IEEE}
}

@incollection{ZHou2010,
    title = {Distributed Control of Multi-Robot Deployment Motion},
    year = {2010},
    booktitle = {Motion Control},
    author = {ZHou, Yu},
    number = {January},
    publisher = {INTECH}
}

@article{AndrewHoward,
    title = {Mobile Sensor Network Deployment using Potential Fields: A Distributed, Scalable Solution to the Area Coverage Problem},
    author = {Andrew Howard, Maja J Mataric, Gaurav S Sukhatme}
}

@article{ParkerGumucio2008,
    title = {Cooperative Robotics for Multi-Target Observation},
    year = {1999},
    journal = {Intelligent Automation and Soft Computing},
    author = {Parker Lynne, C.},
    number = {1},
    month = {9},
    pages = {5--19},
    volume = {5}
}

@article{Parker2002,
    title = {Distributed algorithms for multi-robot observation of multiple moving targets},
    year = {2002},
    journal = {Autonomous robots},
    author = {Parker, Lynne E},
    number = {3},
    pages = {231--255},
    volume = {12}
}

@article{Schwager2009,
    title = {Decentralized, adaptive coverage control for networked robots},
    year = {2009},
    journal = {International Journal of Robotics Research},
    author = {Schwager, Mac and Rus, Daniela and Slotine, JJ},
    number = {3},
    pages = {357--375},
    volume = {28}
}

@article{Reif1999,
    title = {Social potential fields: A distributed behavioral control for autonomous robots},
    year = {1999},
    journal = {Robotics and Autonomous Systems},
    author = {Reif, JH and Wang, H},
    number = {3},
    pages = {171--194},
    volume = {27}
}

@article{Pimenta2009,
    title = {Simultaneous coverage and tracking (SCAT) of moving targets with robot networks},
    year = {2010},
    journal = {Algorithmic Foundation of Robotics VIII, Springer Tracts in Advanced Robotics},
    author = {Pimenta, LCA and Schwager, Mac and Lindsey, Quentin},
    pages = {85--99},
    volume = {57}
}

@article{Cortes2010,
    title = {Coverage optimization and spatial load balancing by robotic sensor networks},
    year = {2010},
    journal = {IEEE Transactions on Automatic Control},
    author = {Cort{\'{e}}s, J},
    number = {3},
    pages = {749 - 754},
    volume = {55}
}

@inproceedings{Breitenmoser2010,
    title = {Voronoi coverage of non-convex environments with a group of networked robots},
    year = {2010},
    booktitle = {The IEEE International Conference on Robotics and Automation (ICRA)},
    author = {Breitenmoser, Andreas},
    doi = {10.1109/ROBOT.2010.5509696},
    month = {5},
    pages = {4982--4989},
    publisher = {IEEE}
}

@article{Pavone2011,
    title = {Distributed algorithms for environment partitioning in mobile robotic networks},
    year = {2011},
    journal = {IEEE Transactions on Automatic Control,},
    author = {Pavone, Marco and Arsie, Alessandro},
    number = {8},
    month = {8},
    pages = {1834--1848},
    volume = {56}
}

@inproceedings{Haumann2011,
    title = {DisCoverage for non-convex environments with arbitrary obstacles},
    year = {2011},
    booktitle = {IEEE International Conference on Robotics and Automation (ICRA)},
    author = {Haumann, Dominik and Breitenmoser, Andreas and Willert, Volker and Listmann, Kim and Sieqwart, Roland},
    doi = {10.1109/ICRA.2011.5980415},
    month = {5},
    pages = {4486--4491},
    publisher = {Ieee}
}

@inproceedings{Caicedo-Nunez2008,
    title = {A coverage algorithm for a class of non-convex regions},
    year = {2008},
    booktitle = {Conference on Decision and Control},
    author = {Caicedo-Nuez, CH and Zefran, Milos},
    doi = {10.1109/CDC.2008.4739464},
    pages = {4244--4249},
    publisher = {IEEE}
}

@inproceedings{Yun2012,
    title = {Distributed coverage with mobile robots on a graph: Locational optimization},
    year = {2012},
    booktitle = {IEEE International Conference on Robotics and Automation (ICRA)},
    author = {Yun, Seung-kook and Rusy, D},
    publisher = {IEEE}
}

@inproceedings{Poduri2004,
    title = {Constrained coverage for mobile sensor networks},
    year = {2004},
    booktitle = {IEEE International Conference on Robotics and Automation (ICRA),},
    author = {Poduri, S. and Sukhatme, G.S.},
    doi = {10.1109/ROBOT.2004.1307146},
    pages = {165--171},
    publisher = {IEEE}
}

@inproceedings{Popa2004,
    title = {Robotic deployment of sensor networks using potential fields},
    year = {2004},
    booktitle = {IEEE International Conference on Robotics and Automation, (ICRA)},
    author = {Popa, D.O. and Stephanou, H.E. and Helm, C. and Sanderson, A.C.},
    doi = {10.1109/ROBOT.2004.1307221},
    pages = {642--647},
    publisher = {IEEE}
}

@article{Fan2005,
    title = {Multi-robot formation control using potential field for mobile ad-hoc networks},
    year = {2005},
    journal = {IEEE International Conference on Robotics and Biomimetics (ROBIO)},
    author = {Fan, W.H. and Liu, Y.H. and Wang, F. and Cai, X.P.},
    doi = {10.1109/ROBIO.2005.246251},
    pages = {133--138},
    publisher = {Ieee}
}

@article{Ji2007,
    title = {Distributed coordination control of multiagent systems while preserving connectedness},
    year = {2007},
    journal = {IEEE Transactions on Robotics},
    author = {Ji, Meng and Egerstedt, Magnus},
    number = {4},
    pages = {693--703},
    volume = {23}
}

@article{Lloyd1982,
    title = {Least squares quantization in PCM},
    year = {1982},
    journal = {IEEE Transactions on Information Theory},
    author = {Lloyd, S},
    number = {2},
    month = {3},
    pages = {129--137},
    volume = {28}
}

@article{Durham2012,
    title = {Discrete partitioning and coverage control for gossiping robots},
    year = {2012},
    journal = {IEEE Transactions on Robotics},
    author = {Durham, JW and Carli, Ruggero},
    number = {2},
    pages = {364 - 378},
    volume = {28}
}

@article{Du1999,
    title = {Centroidal Voronoi tessellations: Applications and algorithms},
    year = {1999},
    journal = {Society for Industrial and Applied Mathematics},
    author = {Du, Qiang and Faber, Vance and Gunzburger, Max},
    doi = {10.1137/S0036144599352836},
    number = {4},
    month = {1},
    pages = {637--676},
    volume = {41}
}

@book{H.ChosetK2005,
    title = {Principles of Robot Motion: Theory, Algorithms, and Implementation},
    year = {2005},
    author = {Choset, H. and Lynch, K. M. and Hutchinson, S. and Kantor, G. and Burgard, W. and Kavraki, L. E. and Thrun, S.},
    pages = {603},
    publisher = {MIT Press, Boston}
}

@book{Okabe2000,
    title = {Spatial Tessellations: Concepts and Applications of Voronoi Diagrams, Second Edition},
    year = {2000},
    author = {Okabe, Atsuyuki and Boots, Barry and Sugihara, Kokichi and Nok Chiu, Sung and Kendall, D. G.},
    edition = {2nd},
    editor = {Okabe, Atsuyuki and Boots, Barry and Sugihara, Kokichi and Chiu, Sung Nok and Kendall, D. G.},
    month = {7},
    series = {Wiley Series in Probability and Statistics},
    publisher = {John Wiley {\&} Sons, Inc.}
}

@article{Aronov1989,
    title = {On the geodesic voronoi diagram of point sites in a simple polygon},
    year = {1989},
    journal = {Algorithmica},
    author = {Aronov, Boris},
    number = {1-4},
    month = {6},
    pages = {109--140},
    volume = {4},
    publisher = {New York: Courant Institute of Mathematical Sciences, New York University}
}

@article{Papadopoulou1998,
    title = {A New Approach for the Geodesic Voronoi Diagram of Points in a Simple Polygon and Other Restricted Polygonal Domains},
    year = {1998},
    journal = {Algorithmica},
    author = {Papadopoulou, E. and Lee, D. T.},
    number = {4},
    month = {4},
    pages = {319--352},
    volume = {20}
}

@inproceedings{KuhnH.W.andTucker1951,
    title = {Nonlinear programming},
    year = {1951},
    booktitle = {Second Berkeley Symposium on Mathematical Statistics and Probability},
    author = {Kuhn, H. W. and Tucker, A. W.},
    number = {},
    pages = {481--492},
    publisher = {University of California Press}
}

@book{Clarke1990,
    title = {Optimization and Nonsmooth Analysis},
    year = {1990},
    author = {Clarke, Frank H.},
    pages = {308},
    publisher = {Society for Industrial and Applied Mathematics}
}

@article{Garrido2011,
    title = {Path planning for mobile robot navigation using voronoi diagram and fast marching},
    year = {2011},
    journal = {International Journal of Robots and Automation(IJRA)},
    author = {Santiago, Garrido and Moreno, Luis and Dolores, Blanco and Piotr, Jurewicz},
    number = {1},
    pages = {42--64},
    volume = {2}
}

@article{Schwager2006,
    title = {Distributed Coverage Control with Sensory Feedback for Networked Robots.},
    year = {2006},
    journal = {robotics: science and systems},
    author = {Schwager, Mac and McLurkin, J and Rus, Daniela}
}

@book{CormenTHSteinC2001,
    title = {Introduction to Algorithms},
    year = {2001},
    author = {Cormen TH, Stein C, Rivest RL and Leiserson CE},
    publisher = {Cambridge, MA: McGraw-Hill.}
}

@article{Dijkstra1959,
    title = {A note on two problems in connexion with graphs},
    year = {1959},
    journal = {Numerische mathematik},
    author = {Dijkstra, EW},
    number = {l 959},
    pages = {269--271},
    volume = {1}
}

@article{Kwok2010,
    title = {Deployment algorithms for a power constrained mobile sensor network},
    year = {2010},
    journal = {International Journal of Robust and Nonlinear Control},
    author = {Kwok, A. and Martınez, S.},
    pages = {725--842},
    volume = {20}
}

@article{Marler2004,
    title = {Survey of multi-objective optimization methods for engineering},
    year = {2004},
    journal = {Structural and Multidisciplinary Optimization},
    author = {Marler, R.T and Arora, J.S},
    number = {6},
    month = {4},
    pages = {369--395},
    volume = {26}
}

@article{Suzuki2008b,
    title = {Deployment of Wireless Sensor Network using Mobile Robots to Construct an Intelligent Environment in a Multi-Robot Sensor Network},
    year = {2008},
    journal = {Advances in Service Robotics}
}

@article{Deb2002,
    title = {A fast and elitist multiobjective genetic algorithm: NSGA-II},
    year = {2002},
    journal = {… , IEEE Transactions on},
    author = {Deb, Kalyanmoy and Pratap, Amrit},
    number = {2},
    pages = {182--197},
    volume = {6}
}

@article{AhKing,
    title = {Elitist multiobjective evolutionary algorithm for environmental/economic dispatch},
    year = {2003},
    journal = {Evolutionary Computation, 2003. CEC '03. The 2003 Congress on},
    author = {King, R.T.F.A and Rughooputh, H.C.S},
    pages = {1108--1114},
    volume = {2},
    publisher = {Ieee}
}

@incollection{Zitzler2001,
    title = {SPEA2: Improving the strength Pareto evolutionary algorithm},
    year = {2002},
    booktitle = {Evolutionary Methods for Design, Optimisation, and Control},
    author = {Zitzler, Eckart and Laumanns, Marco and Thiele, Lothar},
    pages = {95--100},
    publisher = {CIMNE, Barcelona, Spain}
}

@article{Knowles1999,
    title = {The pareto archived evolution strategy: A new baseline algorithm for pareto multiobjective optimisation},
    year = {1999},
    journal = {Evolutionary Computation, 1999. CEC 99 …},
    author = {Knowles, J. and Corne, D.},
    doi = {10.1109/CEC.1999.781913},
    pages = {98--105},
    publisher = {Ieee}
}

@article{Roy1991,
    title = {The outranking foundations aproach and the methods},
    year = {1991},
    journal = {Theory and Decision},
    author = {Roy, Bernard},
    number = {1},
    pages = {49--73},
    volume = {31}
}

@article{Greco2005,
    title = {Multiple Criteria Decision Analysis: State of the Art Surveys Series},
    year = {2005},
    journal = {International Series in Operations Research {\&} Management Science},
    author = {Figueira, Jos{\'{E}} and Greco, Salvatore and Ehrogott, Matthias},
    pages = {1048},
    volume = {78}
}

@article{Maragos1986,
    title = {Morphological skeleton representation and coding of binary images},
    year = {1986},
    journal = {IEEE Transactions on Acoustics, Speech, and Signal Processing},
    author = {Maragos, P. and Schafer, R.},
    doi = {10.1109/TASSP.1986.1164959},
    number = {5},
    month = {10},
    pages = {1228--1244},
    volume = {34}
}

@article{AhKingb,
    title = {Elitist multiobjective evolutionary algorithm for environmental/economic dispatch},
    year = {2003},
    journal = {The 2003 Congress on Evolutionary Computation (CEC '03)},
    author = {King, RTFA and Rughooputh, H C S},
    doi = {10.1109/CEC.2003.1299792},
    pages = {1108--1114},
    volume = {2},
    publisher = {Ieee}
}

@article{Bhattacharya2013b,
    title = {Multi-robot coverage and exploration on Riemannian manifolds with boundaries},
    year = {2013},
    journal = {The International Journal of Robotics Research},
    author = {Bhattacharya, S and Ghrist, R and Kumar, V},
    doi = {10.1177/0278364913507324},
    number = {1},
    month = {10},
    pages = {113--137},
    volume = {33}
}

@article{Knowles1999b,
    title = {The pareto archived evolution strategy: A new baseline algorithm for pareto multiobjective optimisation},
    year = {1999},
    journal = {In proc. of the 1999 Congress on Evolutionary Computation},
    author = {Knowles, J and Corne, D},
    pages = {98--105},
    volume = {1},
    publisher = {Ieee}
}

@book{bullo09,
    title = {Distributed Control of Robotic Networks A Mathematical Approach to Motion Coordination Algorithms Francesco Bullo Jorge Cort ´ es Sonia Mart ´},
    year = {2009},
    author = {F. Bullo, J Cortes and Martinez},
    publisher = {Applied Mathematics Series, Princeton Univeristy Press}
}

@article{Cortes2010b,
    title = {Coverage optimization and spatial load balancing by robotic sensor networks},
    year = {2010},
    journal = {IEEE Transactions on Automatic Control},
    author = {Cort{\'{e}}s, J},
    number = {3},
    pages = {749--754},
    volume = {55}
}

@article{Pavone2011b,
    title = {Distributed algorithms for environment partitioning in mobile robotic networks},
    year = {2011},
    journal = {IEEE Transactions on Automatic Control,},
    author = {Pavone, Marco and Arsie, Alessandro},
    doi = {10.1109/TAC.2011.2112410},
    number = {8},
    month = {8},
    pages = {1834--1848},
    volume = {56}
}

@article{Martin2009,
    title = {CUDA Solutions for the SSSP Problem},
    year = {2009},
    journal = {Computational Science–ICCS 2009},
    author = {Mart{\'{i}}n, P J and Torres, Roberto and Gavilanes, Antonio},
    pages = {904--913}
}

@article{ODunlaing1985b,
    title = {A “retraction” method for planning the motion of a disc},
    year = {1985},
    journal = {Journal of Algorithms},
    author = {{\'{O}}'D{\'{u}}nlaing, C and Yap, C K},
    pages = {104--111},
    volume = {111}
}

@article{Bhattacharya2013c,
    title = {Multi-robot coverage and exploration on Riemannian manifolds with boundaries},
    year = {2013},
    journal = {The International Journal of Robotics Research},
    author = {Bhattacharya, S and Ghrist, R and Kumar, V},
    number = {1},
    month = {10},
    pages = {113--137},
    volume = {33}
}

@article{Bhattacharya2013ab,
    title = {Distributed coverage and exploration in unknown non-convex environments},
    year = {2013},
    journal = {Distributed Autonomous Robotic Systems, Springer Tracts in Advanced Robotics},
    author = {Bhattacharya, Subhrajit and Michael, Nathan and Kumar, Vijay},
    pages = {61--75},
    volume = {83}
}

@article{Howard2006b,
    title = {Experiments with a large heterogeneous mobile robot team: Exploration, mapping, deployment and detection},
    year = {2006},
    journal = {International Journal of Robotics Research},
    author = {Howard, A and Parker, L E and Sukhatme, G S},
    pages = {431--447},
    volume = {25}
}

@article{Schwager2006b,
    title = {Distributed Coverage Control with Sensory Feedback for Networked Robots.},
    year = {2006},
    journal = {robotics: science and systems},
    author = {Schwager, Mac and McLurkin, J and Rus, Daniela}
}

@article{Soltero2013b,
    title = {Decentralized path planning for coverage tasks using gradient descent adaptive control},
    year = {2013},
    journal = {The International Journal of Robotics Research},
    author = {Soltero, D E and Schwager, M and Rus, D},
    doi = {10.1177/0278364913497241},
    number = {0},
    month = {10},
    pages = {1--25},
    volume = {0}
}

@inproceedings{Popa2004b,
    title = {Robotic deployment of sensor networks using potential fields},
    year = {2004},
    booktitle = {IEEE International Conference on Robotics and Automation, (ICRA)},
    author = {Popa, D O and Stephanou, H E and Helm, C and Sanderson, A C},
    pages = {642--647},
    publisher = {IEEE}
}

@phdthesis{Kemp2012,
    title = {All-Pairs Shortest Path Algorithms Using CUDA},
    year = {2012},
    author = {Kemp, Jeremy M}
}

@article{Harish2007,
    title = {Accelerating large graph algorithms on the GPU using CUDA},
    year = {2007},
    journal = {High performance computing-HiPC 2007},
    author = {Harish, Pawan and Narayanan, P J},
    pages = {197--208}
}

@inproceedings{Yun2012b,
    title = {Distributed coverage with mobile robots on a graph: Locational optimization},
    year = {2012},
    booktitle = {IEEE International Conference on Robotics and Automation (ICRA)},
    author = {Yun, Seung-kook and Rus, D},
    publisher = {IEEE}
}

@article{Garrido2011b,
    title = {Path planning for mobile robot navigation using voronoi diagram and fast marching},
    year = {2011},
    journal = {International Journal of Robots and Automation(IJRA)},
    author = {Santiago, Garrido and Moreno, Luis and Dolores, Blanco and Piotr, Jurewicz},
    number = {1},
    pages = {42--64},
    volume = {2}
}

@article{Bhattacharya2013WAFRb,
    title = {Multi-robot Coverage and Exploration in Non-Euclidean Metric Spaces},
    year = {2013},
    journal = {Algorithmic Foundations of Robotics X, Springer Tracts in Advanced Robotics},
    author = {Bhattacharya, Subhrajit and Ghrist, Robert and Kumar, Vijay},
    pages = {245--262},
    volume = {86}
}

@inproceedings{Caicedo-Nunez2008b,
    title = {A coverage algorithm for a class of non-convex regions},
    year = {2008},
    booktitle = {Conference on Decision and Control},
    author = {Caicedo-Nuez, C H and Zefran, Milos},
    pages = {4244--4249},
    publisher = {IEEE}
}

@inproceedings{Haumann2011b,
    title = {DisCoverage for non-convex environments with arbitrary obstacles},
    year = {2011},
    booktitle = {IEEE International Conference on Robotics and Automation (ICRA)},
    author = {Haumann, Dominik and Breitenmoser, Andreas and Willert, Volker and Listmann, Kim and Sieqwart, Roland},
    doi = {10.1109/ICRA.2011.5980415},
    month = {5},
    pages = {4486--4491},
    publisher = {Ieee}
}

@article{Lloyd1982b,
    title = {Least squares quantization in PCM},
    year = {1982},
    journal = {IEEE Transactions on Information Theory,},
    author = {Lloyd, S},
    doi = {10.1109/TIT.1982.1056489},
    number = {2},
    month = {3},
    pages = {129--137},
    volume = {28}
}

@inproceedings{Simmonsb,
    title = {Coordinated deployment of multiple, heterogeneous robots},
    year = {2000},
    booktitle = {International Conference on Intelligent Robots and Systems (IROS )},
    author = {Simmons, R and Apfelbaum, D and Fox, D and Goldman, R P and Haigh, K Z and Musliner, D J and Pelican, M and Thrun, S},
    doi = {10.1109/IROS.2000.895304},
    pages = {2254--2260},
    volume = {3},
    publisher = {IEEE}
}

@article{Nvidia2007,
    title = {NVIDIA CUDA Compute unified device architecture: programming guide},
    year = {2007},
    author = {NVIDIA}
}

@inproceedings{Harabor2008b,
    title = {Hierarchical path planning for multi-size agents in heterogeneous environments},
    year = {2008},
    booktitle = {IEEE Symposium On Computational Intelligence and Games},
    author = {Harabor, Daniel. and Botea, Adi.},
    pages = {258--265},
    publisher = {IEEE}
}

@article{Rong2007,
    title = {Variants of Jump Flooding Algorithm for Computing Discrete Voronoi Diagrams},
    year = {2007},
    journal = {4th International Symposium on Voronoi Diagrams in Science and Engineering (ISVD 2007)},
    author = {Rong, Guodong and Tan, Tiow-Seng},
    doi = {10.1109/ISVD.2007.41},
    month = {7},
    pages = {176--181},
    publisher = {Ieee}
}

@article{Rohini2008b,
    title = {Sensors in Unmanned Robotic Vehicle},
    year = {2008},
    journal = {Defence Science Journal},
    author = {Rohini, B and Reddy, J Sreekantha},
    number = {3},
    pages = {409--413},
    volume = {58}
}

@article{Ji2007b,
    title = {Distributed coordination control of multiagent systems while preserving connectedness},
    year = {2007},
    journal = {Robotics, IEEE Transactions on},
    author = {Ji, Meng and Egerstedt, Magnus},
    number = {4},
    pages = {693--703},
    volume = {23}
}

@inproceedings{Poduri2004b,
    title = {Constrained coverage for mobile sensor networks},
    year = {2004},
    booktitle = {In Proc. of IEEE International Conference on Robotics and Automation (ICRA)},
    author = {Poduri, S and Sukhatme, G S},
    pages = {165--171},
    publisher = {IEEE}
}

@article{Tessellation2011,
    title = {GPU-assisted computation of centroidal Voronoi tessellation},
    year = {2011},
    journal = {IEEE TRANSACTIONS ON VISUALIZATION and Computer Graphics},
    author = {Rong, Guodong and Liu, Yang and Wang, Wenping and Yin, Xiaotian},
    number = {3},
    pages = {345--356},
    volume = {17}
}

@article{Reif1999b,
    title = {Social potential fields: A distributed behavioral control for autonomous robots},
    year = {1999},
    journal = {Robotics and Autonomous Systems},
    author = {Reif, J H and Wang, H},
    number = {3},
    pages = {171--194},
    volume = {27}
}

@article{Navigation1991b,
    title = {Aretraction'method for learned navigation in unknown terrains for a circular robot},
    year = {1991},
    journal = {IEEE Transactions on Robotics and Automation},
    author = {Rao, N S V and Stoltzfus, N and Iyengar, S S},
    number = {5},
    pages = {699--707},
    volume = {7}
}

@article{Fan2005b,
    title = {Multi-robot formation control using potential field for mobile ad-hoc networks},
    year = {2005},
    journal = {IEEE International Conference on Robotics and Biomimetics (ROBIO)},
    author = {Fan, W H and Liu, Y H and Wang, F and Cai, X P},
    pages = {133--138},
    publisher = {Ieee}
}

@inproceedings{Breitenmoser2010b,
    title = {Voronoi coverage of non-convex environments with a group of networked robots},
    year = {2010},
    booktitle = {The IEEE International Conference on Robotics and Automation (ICRA)},
    author = {Breitenmoser, Andreas},
    month = {5},
    pages = {4982--4989},
    publisher = {IEEE}
}

@inproceedings{Martinez2005b,
    title = {On synchronous robotic networks Part I: Models, tasks and complexity notions},
    year = {2005},
    booktitle = {IEEE Conference on Decision and Control},
    author = {Mart{\'{i}}nez, S and Bullo, Francesco and Cortes, Jorge and Frazzoli, Emilio},
    pages = {2847--2852},
    publisher = {IEEE}
}

@incollection{Suzuki2008c,
    title = {Deployment of Wireless Sensor Network using Mobile Robots to Construct an Intelligent Environment in a Multi-Robot Sensor Network},
    year = {2008},
    booktitle = {Advances in Service Robotics},
    author = {Suzuki, Tsuyoshi and Kawabata, Kuniaki},
    publisher = {INTECH}
}

@article{Batalin2004b,
    title = {Coverage, Exploration and Deployment by a Mobile Robot and Communication Network},
    year = {2004},
    journal = {Telecommunication Systems Journal},
    author = {Batalin, Maxim a. and Sukhatme, Gaurav S},
    doi = {10.1023/B:TELS.0000029038.31947.d1},
    number = {2-4},
    month = {6},
    pages = {181--196},
    volume = {26}
}

@incollection{Howard2002b,
    title = {Mobile Sensor Network Deployment using Potential Fields : A Distributed , Scalable Solution to the Area Coverage Problem},
    year = {2002},
    booktitle = {Distributed Autonomous Robotic Systems},
    author = {Howard, Andrew and Matari, Maja J and Sukhatme, Gaurav S},
    pages = {299--308},
    publisher = {Springer Japan}
}

@article{Harish2009,
    title = {Large graph algorithms for massively multithreaded architectures},
    year = {2009},
    journal = {India, Tech. Rep. IIIT/TR/2009/},
    author = {Harish, Pawan and Vineet, Vibhav and Narayanan, P J}
}

@article{Amundson2009b,
    title = {A survey on localization for mobile wireless sensor networks},
    year = {2009},
    journal = {Mobile Entity Localization and Tracking in GPS-less Environnments, Lecture Notes in Computer Science},
    author = {Amundson, Isaac and Koutsoukos, X D},
    pages = {235--254},
    volume = {5801}
}

@article{Du1999b,
    title = {Centroidal Voronoi tessellations: Applications and algorithms},
    year = {1999},
    journal = {Society for Industrial and Applied Mathematics},
    author = {Du, Qiang and Faber, Vance and Gunzburger, Max},
    number = {4},
    month = {1},
    pages = {637--676},
    volume = {41}
}

@article{Schwager2009b,
    title = {Decentralized, adaptive coverage control for networked robots},
    year = {2009},
    journal = {International Journal of Robotics Research},
    author = {Schwager, Mac and Rus, Daniela and Slotine, J J},
    number = {3},
    pages = {357--375},
    volume = {28}
}

@article{Lau2012b,
    title = {Efficient grid-based spatial representations for robot navigation in dynamic environments},
    year = {2013},
    journal = {Robotics and Autonomous Systems},
    author = {Lau, Boris and Sprunk, Christoph and Burgard, Wolfram},
    number = {10},
    pages = {1116--1130},
    volume = {61}
}

@article{Durham2012b,
    title = {Discrete partitioning and coverage control for gossiping robots},
    year = {2012},
    journal = {IEEE Transactions on Robotics},
    author = {Durham, J W and Carli, Ruggero},
    number = {2},
    pages = {364--378},
    volume = {28}
}

@article{Parker2002b,
    title = {Distributed algorithms for multi-robot observation of multiple moving targets},
    year = {2002},
    journal = {Autonomous robots},
    author = {Parker, L E},
    number = {3},
    pages = {231--255},
    volume = {12}
}

@article{Liu2013b,
    title = {Dynamic coverage of mobile sensor networks},
    year = {2013},
    journal = {IEEE Transaction on Parallel And Distributed System},
    author = {Liu, Benyuan and Dousse, Olivier and Nain, Philippe and Towsley, Don},
    number = {2},
    pages = {301--311},
    volume = {24}
}

@article{ParkerGumucio2008b,
    title = {Cooperative Robotics for Multi-Target Observation},
    year = {1999},
    journal = {Intelligent Automation and Soft Computing},
    author = {Parker Lynne, C},
    doi = {10.1177/0037768608093690},
    number = {1},
    month = {9},
    pages = {5--19},
    volume = {5}
}

@inproceedings{Mahboubi2013b,
    title = {Distributed coverage optimization in a network of static and mobile sensors},
    year = {2013},
    booktitle = {American Control Conference},
    author = {Mahboubi, Hamid and Habibi, Jalal},
    pages = {6877--6881},
    publisher = {IEEE}
}

@article{Cortes2004b,
    title = {Coverage control for mobile sensing networks},
    year = {2004},
    journal = {IEEE Transaction on Robotics and Automation},
    author = {Cortes, J, Martinez, S, T. Karatas and Bullo, F},
    number = {2},
    pages = {243--255},
    volume = {20}
}

@inproceedings{Pimenta2008b,
    title = {Sensing and coverage for a network of heterogeneous robots},
    year = {2008},
    booktitle = {IEEE Conference on Decision and Control},
    author = {Pimenta, Luciano C A. and Kumar, Vijay and Mesquita, Renato C and Pereira, Guilherme A. S},
    doi = {10.1109/CDC.2008.4739194},
    number = {2},
    pages = {3947--3952},
    publisher = {IEEE}
}

@incollection{ZHou2010b,
    title = {Distributed Control of Multi-Robot Deployment Motion},
    year = {2010},
    booktitle = {Motion Control},
    author = {ZHou, Yu},
    number = {January},
    publisher = {INTECH}
}

@article{Pimenta2009b,
    title = {Simultaneous coverage and tracking (SCAT) of moving targets with robot networks},
    year = {2010},
    journal = {Algorithmic Foundation of Robotics VIII, Springer Tracts in Advanced Robotics},
    author = {Pimenta, L C A and Schwager, Mac and Lindsey, Quentin},
    pages = {85--99},
    volume = {57}
}

@article{Dijkstra1959b,
    title = {A note on two problems in connexion with graphs},
    year = {1959},
    journal = {Numerische mathematik},
    author = {Dijkstra, E W},
    number = {l 959},
    pages = {269--271},
    volume = {1}
}

@article{Roy1991b,
    title = {The Outranking Foundation Approach and the Method},
    year = {1991},
    journal = {Readings in Multiple Criteria Decision Aid},
    author = {Roy, Bernard},
    pages = {155--183},
    publisher = {Springer Berlin Heidelberg}
}

@book{Cort2009b,
    title = {Distributed Control of Robotic Networks A Mathematical Approach to Motion Coordination Algorithms Francesco Bullo Jorge Cort ´ es Sonia Mart ´},
    year = {2009},
    author = {F. Bullo, J. Cortes and Martinez},
    publisher = {Applied Mathematics Series, Princeton Univeristy Press}
}

@article{Zitzler2001b,
    title = {SPEA2: Improving the strength Pareto evolutionary algorithm},
    year = {2001},
    author = {Zitzler, Eckart and Laumanns, Marco and Thiele, Lothar},
    pages = {1--19}
}

@book{clarke83,
    title = {Optimization and Nonsmooth Analysis},
    year = {1983},
    author = {Clarke, F},
    publisher = {New York: Wiley}
}

@article{Du99,
    title = {Centroidal {\{}V{\}}oronoi tessellations: Applications and algorithms},
    year = {1999},
    journal = {SIAM Review},
    author = {Du, Q and Faber, V and Gunzburger, M},
    number = {4},
    month = {12},
    pages = {637--676},
    volume = {41}
}

@article{Cortez05,
    title = {Spatially-distributed coverage optimization and control with limited-range interactions},
    year = {2005},
    journal = {ESIAM: Control, Optimisation and Calculus of Variations},
    author = {Cortez, Jorge and Martinez, S and Bullo, Francesco},
    pages = {691--719},
    volume = {11}
}

@article{bullo04,
    title = {Coverage Control for Mobile Sensing Networks},
    year = {2004},
    journal = {IEEE Trans. Robot. and Automat.},
    author = {Cort{\'{e}}s, J and Mart{\textbackslash}'inez, Sonia and Karatas, Timur and Bullo, Francesco},
    number = {2},
    pages = {243--255},
    volume = {20}
}

@inproceedings{Laventall2008,
    title = {Coverage cotrol by robotic networks with limited-range anisotropic sensory},
    year = {2008},
    booktitle = {Proc. of the American Control Conference},
    author = {Laventall, Katie and Cort{\'{e}}s, Jorge},
    pages = {2666--2671}
}

@phdthesis{Gavrilova98,
    title = {Proximity and Applications in General Metrics},
    year = {1998},
    author = {Gavrilova, Marina}
}

@inproceedings{Ganguli06,
    title = {Distributed deployment of asynchronous guards in art galleries},
    year = {2006},
    booktitle = {Proc. of the American Control Conference},
    author = {Ganguli, A and Cortez, J and Bullo, F},
    pages = {1416--1421}
}

@inproceedings{EPUCK,
    title = {The e-puck, a Robot Designed for Education in Engineering.},
    year = {2009},
    booktitle = {Proc. of the 9th Conf. on Autonomous Robot Systems and Competitions},
    author = {Mondada, F and Bonani, M and Raemy, X and Pugh, J and Cianci, C and Klaptocz, A and Magnenat, S and Zufferey, J.-C. and Floreano, D and Martinoli, A},
    pages = {59--65}
}

@article{Flanders73,
    title = {Differentiation under the integral sign},
    year = {1973},
    journal = {American Mathematical Monthly},
    author = {Flanders, Harley},
    number = {6},
    pages = {615--627},
    volume = {80}
}

@article{Imai85,
    title = {Voronoi Diagram in the Laguerre Geometry and its Applications},
    year = {1985},
    journal = {SIAM Journal on Computing},
    author = {Imai, Hiroshi and Iri, Masao and Murota, Kazuo},
    number = {1},
    pages = {93--105},
    volume = {14}
}

@article{aronov89,
    title = {On the geodesic {\{}V{\}}oronoi diagram of point sites in a simple polygon},
    year = {1989},
    journal = {Algorithmica},
    author = {Aronov, B},
    number = {1},
    pages = {109--140},
    volume = {4}
}

@inproceedings{kuhn,
    title = {Nonlinear Programming},
    year = {1951},
    booktitle = {Proceedings of the Second Berkeley Symposium on Mathematical Statistics and Probability},
    author = {Kuhn, H W and Tucker, A W},
    pages = {481--492}
}

@inproceedings{AK-SM:08-icra,
    title = {Deployment algorithms for a power constrained mobile sensor network},
    year = {2008},
    booktitle = {Proc. IEEE Int. Conf. Robot. Automat.},
    author = {Kwok, A and Mart{\'{i}}nez, S},
    pages = {140--145}
}

@inproceedings{nunez2008,
    title = {A coverage algorithm for a class of non-convex regions},
    year = {2008},
    booktitle = {Proc. of the IEEE Conference on Decision and Control},
    author = {Caicedo-Nunez, Carlos Humberto and Zefran, Milos},
    pages = {4244--4249}
}

@book{Okabe00,
    title = {Spatial Tessellations: Concepts and Applications of Voronoi Diagrams},
    year = {2000},
    author = {Okabe, A and Boots, B and Sugihara, K and Chiu, S N},
    edition = {2nd},
    editor = {Okabe, Atsuyuki and Boots, Barry and Sugihara, Kokichi and Chiu, Sung Nok and Kendall, D. G.},
    series = {Wiley Series in Probability and Statistics},
    publisher = {New york: Wiley}
}

@inproceedings{bhattacharya2010,
    title = {Distributed coverage and exploration in unknown nonconvex environments},
    year = {2010},
    booktitle = {Proceedings of the 10th International Symposium on Distributed Autonomous Robotics Systems},
    author = {Bhattacharya, S and Michael, N and Kumar, V},
    pages = {1--14},
    publisher = {Springer}
}

@book{bullo09b,
    title = {Distributed Control of Robotic Networks: A Mathematical Approach to Motion Coordination Algorithms},
    year = {2009},
    author = {Bullo, F and Cort{\'{e}}s, J and Martinez, S},
    series = {Applied Mathematics Series},
    publisher = {Princeton University Press}
}

@inproceedings{Gusrialdi2008,
    title = {Voronoi based coverage control with anisotropic sensors},
    year = {2008},
    booktitle = {Proc. of the American Control Conference},
    author = {Gusrialdi, Azwirman and Hirche, Sandra and Hatanaka, Takeshi and Fujita, Masayuki},
    pages = {736--741}
}

@inproceedings{playerstagegazebo,
    title = {The Player/Stage project: Tools for multi-robot and distributed sensor systems},
    year = {2003},
    booktitle = {Proc. of the Intl. Conf. on Adv. Robot},
    author = {Gerkey, B and Vaughan, R T and Howard, A},
    pages = {317--323}
}

@inproceedings{Schwager07,
    title = {Decentralized, Adaptive Control for Coverage with Networked Robots},
    year = {2007},
    booktitle = {Proc. IEEE Int. Conf. Robot. Automat.},
    author = {Schwager, Mac and Slotine, Jean-Jacques and Rus, Daniela},
    pages = {3289--3294}
}

@inproceedings{Schwager08,
    title = {Consensus Learning for Distributed Coverage Control},
    year = {2008},
    booktitle = {Proc. IEEE Int. Conf. Robot. Automat.},
    author = {Schwager, Mac and Slotine, Jean-Jacques and Rus, Daniela},
    pages = {1--8}
}

@inproceedings{Ganguli05,
    title = {Maximizing visibility in nonconvex polygons: nonsmooth analysis and gradient algorithm design},
    year = {2005},
    booktitle = {Proc. of the American Control Conference},
    author = {amd J. Cortez, A Ganguli and Bullo, F},
    pages = {792--797}
}

@incollection{pimenta08wafr,
    title = {Algorithmic Foundations of Robotics VIII - Selected Contributions of the Eighth International Workshop on the Algorithmic Foundations of Robotics},
    year = {2010},
    author = {Pimenta, Luciano C A and Schwager, Mac and Lindsey, Quentin and Kumar, Vijay and Rus, Daniela and Mesquita, Renato C and Pereira, Guilherme A S},
    chapter = {Simultaneo},
    editor = {Chirikjian, Gregory S and Choset, Howie and Morales, Marco and Murphey, Todd},
    pages = {85--99},
    series = {Springer Tracts in Advanced Robotics},
    volume = {57},
    publisher = {Springer-Verlag}
}

@phdthesis{karush,
    title = {Minima of functions of several variables with inequalities as side constraints},
    year = {1939},
    author = {Karush, W}
}

@inproceedings{Salapaka,
    title = {Constraints on locational optimization problems},
    year = {2003},
    booktitle = {Proc. of the IEEE Conference on Decision and Control},
    author = {Salapaka, S and Khalak, A and Dahleh, M A},
    pages = {1744--1746}
}

@inproceedings{ROSWG,
    title = {ROS: an open-source Robot Operating System},
    year = {2009},
    booktitle = {In Proc. of ICRA Workshop on Open Source Software},
    author = {Quigley, Morgan and Gerkey, Brian and Conley, Ken and Faust, Josh and Foote, Tully and Leibs, Jeremy and Berger, Eric and Wheeler, Rob and Ng, Andrew}
}

@article{AZ-SM:09b,
    title = {Unicycle coverage control via hybrid modeling},
    year = {2010},
    journal = {IEEE Transactions on Automatic Control},
    author = {Kwok, A and Mart{\'{i}}nez, S},
    number = {2},
    pages = {528--532},
    volume = {55}
}

@article{Kwok2010b,
    title = {Deployment algorithms for a power-constrained mobile sensor network},
    year = {2010},
    journal = {International Journal of Robust and Nonlinear Control},
    author = {Kwok, A and Mart{\'{i}}nez, S},
    number = {7},
    pages = {725--842},
    volume = {20}
}

@article{Aurenhammer87,
    title = {Power Diagrams: Properties, Algorithms and Applications},
    year = {1987},
    journal = {SIAM Journal on Computing},
    author = {Aurenhammer, F},
    number = {1},
    pages = {78--96},
    volume = {16}
}

@inproceedings{breitenmoser10iros,
    title = {Distributed Coverage Control on Surfaces in 3D Space},
    year = {2010},
    booktitle = {Proc. IEEE/RSJ Int. Conf. Intel. Robots and Systems},
    author = {Breitenmoser, Andreas and Metzger, Jean-Claude and Siegwart, Roland and Rus, Daniela},
    pages = {5569--5576}
}

@article{papadopoulou98,
    title = {A new approach for the geodesic Voronoi diagram of points in a simple polygon and other restricted polygonal domains},
    year = {1998},
    journal = {Algorithmica},
    author = {Papadopoulou, E and Lee, D T},
    number = {4},
    pages = {319--352},
    volume = {20}
}

@book{CormenTHSteinC2001b,
    title = {Introduction to Algorithms, third edition},
    year = {2001},
    author = {Cormen TH, Stein C, Rivest R L and CE, Leiserson},
    edition = {2nd Editio},
    editor = {Press, MIT},
    pages = {1180},
    publisher = {Cambridge, MA: McGraw-Hill.}
}

@article{Step98,
    title = {{$\Delta$}-stepping: A parallel single source shortest path algorithm},
    year = {2013},
    journal = {Journal of Algorithms},
    author = {Meyer, U and Sanders, P},
    pages = {114--152},
    volume = {49},
    publisher = {Springer Berlin Heidelberg}
}

@inproceedings{Madduri2007,
    title = {An Experimental Study of A Parallel Shortest Path Algorithm for Solving Large-Scale Graph Instances.},
    year = {2007},
    booktitle = {Ninth Workshop on Algorithm Engineering and Experiments (ALENEX 2007)},
    author = {Madduri, Kamesh and Bader, DA and Berry, JW and Crobak, JR}
}

@inproceedings{Floyd62,
    title = {Algorithm 97: Shortest path. Commun},
    year = {1962},
    booktitle = {ACm 5, 6},
    author = {Floyd, R. W},
    pages = {345}
}

@article{Katz2008,
    title = {All-pairs shortest-paths for large graphs on the GPU},
    year = {2008},
    journal = {Proceedings of the 23rd ACM SIGGRAPH/EUROGRAPHICS symposium on Graphics hardware},
    author = {Katz, GJ and Kider, Joseph T},
    pages = {47--55}
}

@article{xin2013,
    title = {Parallel computing 2D Voronoi diagrams using untransformed sweepcircles},
    year = {2013},
    journal = {Computer-Aided Design},
    author = {Xin, Shi-Qing and Wang, Xiaoning and Xia, Jiazhi and Mueller-Wittig, Wolfgang and Wang, Guo-Jin and He, Ying},
    doi = {10.1016/j.cad.2012.10.031},
    number = {2},
    month = {2},
    pages = {483--493},
    volume = {45}
}

@article{Okuyama2012,
    title = {A task parallel algorithm for finding all–pairs shortest paths using the GPU},
    year = {2012},
    journal = {International Journal of High Performance Computing and Networking},
    author = {Okuyama, Tomohiro and Ino, Fumihiko and Hagihara, Kenichi},
    number = {2},
    pages = {87--98},
    volume = {7}
}

@article{Hoff99,
    title = {Fast computation of generalized Voronoi diagrams using graphics hardware},
    year = {1999},
    journal = {SIGGRAPH '99 Proceedings of the 26th annual conference on Computer graphics and interactive techniques},
    author = {Hoff, Kenneth E and Culver, Tim and Keyser, John and Lin, Ming and Manocha, Dinesh},
    pages = {277--286}
}

@article{Sud2008,
    title = {Real-time path planning in dynamic virtual environments using multiagent navigation graphs},
    year = {2008},
    journal = {IEEE Transactions on Visualization and Computer Graphics},
    author = {Sud, Avneesh and Andersen, Erik and Curtis, Sean and Lin, Ming C. and Manocha, Dinesh},
    number = {3},
    pages = {526--538},
    volume = {14}
}

@article{Sud2006,
    title = {Fast proximity computation among deformable models using discrete Voronoi diagrams.},
    year = {2006},
    journal = {ACM Transactions on Graphics (Proceedings of ACM SIG- GRAPH 2006)},
    author = {Sud, Avneesh and Naga K. Govindaraju and Gayle, Russell and Kabul, Ilknur and Dinesh, Manocha},
    number = {3},
    pages = {1144--1153},
    volume = {25}
}

@inproceedings{Allaiez2008,
    title = {Recent advances in remeshing of surfaces},
    year = {2008},
    booktitle = {Shape Analysis and Structuring},
    author = {Alliez, Pierre and Ucelli, Giuliana and Gotsman, Craig and Attene, Marco},
    pages = {53--82}
}

@article{Osami2005,
    title = {An Acceleration Technique for the Computation of Voronoi Diagrams Using Graphics Hardware},
    year = {2005},
    journal = {Computational Science and Its Applications (ICCSA)},
    author = {Yamamoto, Osami},
    pages = {786--795}
}

@misc{CUDA6Site,
    title = {Compute Unified Device Architecture (CUDA) 6, http://devblogs.nvidia.com/parallelforall/powerful-new-features-cuda-6/},
    year = {2014},
    booktitle = {http://devblogs.nvidia.com/parallelforall/powerful-new-features-cuda-6/},
    author = {NVIDIA}
}

@article{Haumann2010,
    title = {DisCoverage: A new paradigm for multi-robot exploration},
    year = {2010},
    journal = {IEEE International Conference on Robotics and Automation (ICRA)},
    author = {Haumann, Dominik and Listmann, Kim D and Willert, Volker},
    doi = {10.1109/ROBOT.2010.5509993},
    month = {5},
    pages = {929--934},
    publisher = {Ieee}
}

@article{Stergi2011,
    title = {Coverage-oriented coordination of mobile heterogeneous networks},
    year = {2011},
    journal = {In prc. of Mediterranian Control {\&} Automation (MED)},
    author = {Stergiopoulos, Yiannis and Tzes, Anthony},
    pages = {175--180}
}

@article{Jerome2013,
    title = {Adaptive deployment of mobile robotic networks},
    year = {2013},
    journal = {Automatic Control, IEEE Transactions on},
    author = {Ny, J Le and Pappas, GJ},
    doi = {10.1109/TAC.2012.2215512},
    number = {3},
    month = {3},
    pages = {654--666},
    volume = {58}
}

@inproceedings{Mahboubi2012,
    title = {Distributed coordination of multi-agent systems for coverage problem in presence of obstacles},
    year = {2012},
    booktitle = {American Control …},
    author = {Mahboubi, Hamid and Sharifi, Farid},
    pages = {5252--5257}
}

@book{Okabe2992,
    title = {Spatial Tessellations: Concepts and Applications of Voronoi Diagrams},
    year = {1992},
    author = {Okabe, Atsuyuki and Boots, Barry and Sugihara, Kokichi},
    publisher = {John Wiley {\&} Sons, Inc}
}

@book{CUDAExample2010,
    title = {CUDA by example: an introduction to general-purpose GPU programming},
    year = {2010},
    booktitle = {… J. Sanders, E. Kandrot-Addison-Wesley …},
    author = {Sanders, J and Kandrot, E},
    publisher = {Addison-Wesley}
}

@article{CudaPGuid2011,
    title = {Nvidia cuda c programming guide},
    year = {2011},
    journal = {NVIDIA Corporation},
    author = {NVIDIA, C}
}

@article{Ven2003,
    title = {A blocked all-pairs shortest-paths algorithm},
    year = {2003},
    journal = {Journal of Experimental Algorithmics},
    author = {Venkataraman, G and Mukhopadhyaya, S},
    volume = {5}
}

@misc{Boost,
    title = {http://www.boost.org/},
    year = {1998},
    author = {Sutter, Herb and Alexandrescu, Andrei}
}

@book{cormen2001,
    title = {Introduction to Algorithms},
    year = {2001},
    author = {Cormen, Thomas H. and Leiserson, Charles E. and Rivest, Ronald L. and Stein, Clifford},
    edition = {Second edi},
    pages = {1180},
    publisher = {MIT Press}
}

@article{Sweep87,
    title = {A sweepline algorithm for Voronoi diagrams},
    year = {1987},
    journal = {Algorithmica},
    author = {Fortune, Steven},
    number = {1-4},
    pages = {153--174},
    volume = {2}
}

@article{Yun2014,
    title = {Distributed coverage with mobile robots on a graph: Locational optimization},
    year = {2014},
    journal = {Journal of Robotica},
    author = {Yun, Seung-kook and Rusy, D},
    number = {2},
    pages = {257--277},
    volume = {32},
    publisher = {IEEE}
}

@inproceedings{Haumann2011c,
    title = {DisCoverage for non-convex environments with arbitrary obstacles},
    year = {2011},
    booktitle = {IEEE International Conference on Robotics and Automation (ICRA)},
    author = {Haumann, Dominik and Breitenmoser, Andreas and Willert, Volker and Listmann, Kim and Sieqwart, Roland},
    month = {5},
    pages = {4486--4491},
    publisher = {Ieee}
}

@article{Imai85b,
    title = {{\{}V{\}}oronoi Diagram in the {\{}L{\}}aguerre Geometry and its Applications},
    year = {1985},
    journal = {SIAM Journal on Computing},
    author = {Imai, Hiroshi and Iri, Masao and Murota, Kazuo},
    number = {1},
    pages = {93--105},
    volume = {14}
}

@article{Kwok2010c,
    title = {Deployment algorithms for a powerconstrained mobile sensor network},
    year = {2010},
    journal = {International Journal of Robust and Nonlinear Control},
    author = {Kwok, A and Martınez, S},
    pages = {725--842},
    volume = {20}
}

@inproceedings{haumann11discoverage,
    title = {DisCoverage for non-convex environments with arbitrary obstacles},
    year = {2011},
    booktitle = {Proc. IEEE Int. Conf. Robot. Automat.},
    author = {Haumann, D and Breitenmoser, A and Willert, V and Listmann, K and Siegwart, R},
    pages = {4486--4491}
}

@inproceedings{ROSWGb,
    title = {ROS: an open-source Robot Operating System},
    year = {2009},
    booktitle = {ICRA Workshop on Open Source Software},
    author = {Quigley, Morgan and Gerkey, Brian and Conley, Ken and Faust, Josh and Foote, Tully and Leibs, Jeremy and Berger, Eric and Wheeler, Rob and Ng, Andrew}
}

@inproceedings{yun,
    title = {Distributed Coverage with Mobile Robots on a Graph: Locational Optimization},
    year = {2012},
    booktitle = {Proc. IEEE Int. Conf. Robot. Automat.},
    author = {Yun, Seung-kook and Rus, Daniela},
    pages = {634--641}
}

@article{Yun2013,
    title = {Distributed coverage with mobile robots on a graph: locational optimization and equal-mass partitioning},
    year = {2013},
    journal = {Robotica},
    author = {Yun, Seung-kook and Rus, Daniela},
    number = {02},
    month = {12},
    pages = {257--277},
    volume = {32}
}

@article{Tzes2010,
    title = {Convex Voronoi-inspired space partitioning for heterogeneous networks: a coverage-oriented approach},
    year = {2010},
    journal = {IET Control Theory {\&} Applications},
    author = {Tzes, A and Stergiopoulos, Y.},
    number = {12},
    month = {12},
    pages = {2802--2812},
    volume = {4}
}

@article{Pavone2011c,
    title = {Distributed algorithms for environment partitioning in mobile robotic networks},
    year = {2011},
    journal = {IEEE Transactions on Automatic Control,},
    author = {Pavone, Marco and Arsie, Alessandro},
    doi = {10.1109/TAC.2011.2112410},
    number = {8},
    month = {8},
    pages = {1834--1848},
    volume = {56}
}

@book{cormen2001b,
    title = {Introduction to Algorithms, third edition},
    year = {2001},
    author = {Cormen TH, Stein C, Rivest R L and CE, Leiserson},
    edition = {2nd Editio},
    editor = {Press, MIT},
    pages = {1180},
    publisher = {Cambridge, MA: McGraw-Hill.}
}

@article{e-puck2006,
    title = {The e-puck , a Robot Designed for Education in Engineering},
    year = {2006},
    author = {Mondada, Francesco and Bonani, Michael and Raemy, Xavier and Pugh, James and Cianci, Christopher and Klaptocz, Adam and Zufferey, Jean-christophe and Floreano, Dario and Martinoli, Alcherio}
}

@article{FeedBack98,
    title = {Controlling formations of multiple mobile robots},
    year = {1998},
    journal = {Proceedings. 1998 IEEE International Conference on Robotics and Automation (Cat. No.98CH36146)},
    author = {Desai, J.P. and Ostrowski, J. and Kumar, V.},
    doi = {10.1109/ROBOT.1998.680621},
    number = {May},
    pages = {2864--2869},
    volume = {4},
    publisher = {Ieee}
}

@article{Wang2002,
    title = {Hybrid of global path planning and local navigation implemented on a mobile robot in indoor environment},
    year = {2002},
    journal = {Intelligent Control},
    author = {Wang, LC and Lim, SY and Ang, VMH}
}

@inproceedings{Veloso2012,
    title = {Symbiotic-autonomous service robots for userrequested tasks in a multi-floor building},
    year = {2012},
    booktitle = {In Cognitive Assistive Systems Workshop, IROS 2012},
    author = {Veloso, Manuela and Biswas, Joydeep and Coltin, Brian and Rosenthal, Stephanie and Brandao, Susana and Mericli, Tekin and Ventura, Rodrigo}
}

@article{Xue2010,
    title = {Optimal Path Planning for Service Robot in Indoor Environment},
    year = {2010},
    journal = {In proc. of International Conference on Intelligent Computation Technology and Automation (ICICTA)},
    author = {Xue, Ying-hua and Liu, Hong-peng},
    month = {5},
    pages = {850--853},
    volume = {2},
    publisher = {Ieee}
}

@article{Budiharto2011,
    title = {A method for path planning strategy and navigation of service robot},
    year = {2011},
    journal = {PALADYN Journal of Behavioral Robotics},
    author = {Budiharto, Widodo and Santoso, Ari and Purwanto, Djoko and Jazidie, Achmad},
    number = {2},
    month = {11},
    pages = {100--108},
    volume = {2}
}

@inproceedings{Liu2009,
    title = {Cooperative Multi-robot Map-Building Under Unknown Environment},
    year = {2009},
    booktitle = {2009 International Conference on Artificial Intelligence and Computational Intelligence},
    author = {Liu, Chunyang and Ma, Yingwei and Liu, Chang'an},
    doi = {10.1109/AICI.2009.271},
    pages = {392--396},
    volume = {3},
    publisher = {IEEE}
}

@inproceedings{Tong2008,
    title = {Multi-robot cooperative map building in unknown environment considering estimation uncertainty},
    year = {2008},
    booktitle = {2008 Chinese Control and Decision Conference},
    author = {Tong, Tao and Yalou, Huang and Jing, Yuan and Fengchi, Sun},
    doi = {10.1109/CCDC.2008.4597854},
    month = {7},
    pages = {2896--2901},
    publisher = {IEEE}
}

@article{Senthilkumar2012,
    title = {Multi-robot exploration and terrain coverage in an unknown environment},
    year = {2012},
    journal = {Robotics and Autonomous Systems},
    author = {Senthilkumar, K.S. and Bharadwaj, K.K.},
    number = {1},
    month = {1},
    pages = {123--132},
    volume = {60}
}

@article{Binetti2012,
    title = {Decentralized task allocation for heterogeneous agent systems with constraints on agent capacity and critical tasks},
    year = {2012},
    journal = {2012 IEEE International Conference on Robotics and Biomimetics, ROBIO 2012 - Conference Digest},
    author = {Binetti, Giulio and Naso, David and Turchiano, Biagio},
    doi = {10.1109/ROBIO.2012.6491200},
    pages = {1627--1632}
}

@article{Easton2005,
    title = {A coverage algorithm for multi-robot boundary inspection},
    year = {2005},
    journal = {Proceedings - IEEE International Conference on Robotics and Automation},
    author = {Easton, Kjerstin and Burdick, Joel},
    doi = {10.1109/ROBOT.2005.1570204},
    pages = {727--734},
    volume = {2005}
}

@article{Anisi2010,
    title = {Cooperative minimum time surveillance with multiple ground vehicles},
    year = {2010},
    journal = {IEEE Transactions on Automatic Control},
    author = {Anisi, David a. and {\'{O}}gren, Petter and Hu, Xiaoming},
    doi = {10.1109/TAC.2010.2047438},
    number = {12},
    pages = {2679--2691},
    volume = {55}
}

@article{Li2010,
    title = {Improved ant colony optimization for emergency rescue VRP based on matlab},
    year = {2010},
    journal = {ICCASM 2010 - 2010 International Conference on Computer Application and System Modeling, Proceedings},
    author = {Li, Ziyao},
    doi = {10.1109/ICCASM.2010.5622143},
    number = {Iccasm},
    pages = {497--499},
    volume = {14}
}

@article{Williams2006,
    title = {Multi-robot boundary coverage with plan revision},
    year = {2006},
    journal = {Proceedings - IEEE International Conference on Robotics and Automation},
    author = {Williams, Kjerstin and Burdick, Joel},
    doi = {10.1109/ROBOT.2006.1641954},
    number = {May},
    pages = {1716--1723},
    volume = {2006}
}

@article{Sariel2006,
    title = {Efficient Bids on Task Allocation for Multi-Robot Exploration},
    year = {2006},
    journal = {The 19th International FLAIRS Conference},
    author = {Sariel, Sanem and Balch, Tucker},
    pages = {116--121}
}

@article{Franchi2009,
    title = {The sensor-based random graph method for cooperative robot exploration},
    year = {2009},
    journal = {IEEE/ASME Transactions on Mechatronics},
    author = {Franchi, Antonio and Freda, Luigi and Oriolo, Giuseppe and Vendittelli, Marilena},
    doi = {10.1109/TMECH.2009.2013617},
    number = {2},
    pages = {163--175},
    volume = {14}
}

@article{Ghiani2000,
    title = {Algorithm for the hierarchical Chinese postman problem},
    year = {2000},
    journal = {Operations Research Letters},
    author = {Ghiani, Gianpaolo and Improta, Gennaro},
    doi = {10.1016/S0167-6377(99)00046-2},
    pages = {27--32},
    volume = {26}
}

@article{Rosa2012a,
    title = {A gossip based heuristic algorithm for heterogeneous multi-vehicle routing problems},
    year = {2012},
    journal = {IFAC Workshop on Distributed Estimation and Control in Networked Systems},
    author = {Rosa, D and Franceschelli, M and Seatzu, C and Bullo, F},
    pages = {73--78}
}

@article{Sun2011,
    title = {Graph transformation algorithm for the time dependent Chinese Postman Problem with Time Windows},
    year = {2011},
    journal = {Proceedings 2011 International Conference on Mechatronic Science, Electric Engineering and Computer, MEC 2011},
    author = {Sun, Jinghao and Tan, Guozhen and Meng, Xianchao},
    doi = {10.1109/MEC.2011.6025623},
    pages = {955--960}
}

@article{Bhattacharya2013bb,
    title = {Multi-robot coverage and exploration on Riemannian manifolds with boundaries},
    year = {2013},
    journal = {The International Journal of Robotics Research},
    author = {Bhattacharya, S. and Ghrist, R. and Kumar, V.},
    doi = {10.1177/0278364913507324},
    pages = {113--137},
    volume = {33}
}

@article{Sun2011a,
    title = {A New Integer Programming Formulation for the Chinese Postman Problem with Time Dependent Travel Times},
    year = {2011},
    journal = {IVorld Academy of Science, Engineering and …},
    author = {Sun, Jinghao and Tan, Guozhen and Hou, Guangjian},
    pages = {965--969}
}

@article{Edelstein1988,
    title = {State of the Art},
    year = {1988},
    journal = {Journal of the American Physical THerapy Association},
    author = {Edelstein, Joan E},
    pages = {1874--1881},
    volume = {68}
}

@article{Drexl2007,
    title = {On Some Generalized Routing Problems},
    year = {2007},
    author = {Drexl, Michael},
    pages = {178}
}

@article{Grant2009,
    title = {A geometric framework for resource allocation problems},
    year = {2009},
    author = {Grant, N S F and Carlsson, John Gunnar and Ye, Yinyu and Arroyo, Sharon and Fresnedo, Roman and Mattikalli, Raju}
}

@article{Thimbleby2003,
    title = {The directed Chinese postman problem},
    year = {2003},
    journal = {Software - Practice and Experience},
    author = {Thimbleby, Harold},
    doi = {10.1002/spe.540},
    pages = {1081--1096},
    volume = {33}
}

@article{Bektas2006,
    title = {The multiple traveling salesman problem: An overview of formulations and solution procedures},
    year = {2006},
    journal = {The International Journal of Management Science},
    author = {Bektas, Tolga},
    doi = {10.1016/j.omega.2004.10.004},
    pages = {209--219},
    volume = {34}
}

@book{Vanderbei1998,
    title = {Linear Programming: Foundations and Extensions},
    year = {1998},
    booktitle = {Journal of the Operational Research Society},
    author = {Vanderbei, R J},
    doi = {10.1057/palgrave.jors.2600987},
    pages = {93--98},
    volume = {49}
}

@article{Edmonds1973,
    title = {Matching, Euler tours and the Chinese postman},
    year = {1973},
    journal = {Mathematical Programming},
    author = {Edmonds, Jack and Johnson, Ellis L.},
    pages = {88--124},
    volume = {5}
}

@article{Marjovi,
    title = {Multi-Robot Fire Searching in Unknown Environment},
    year = {2010},
    journal = {Field and Service Robotics},
    author = {Marjovi, A and Nunes, J G and Marques, L and de Almeida, A},
    pages = {341--351},
    volume = {62}
}

@article{Brass2011,
    title = {Multirobot tree and graph exploration},
    year = {2011},
    journal = {IEEE Transactions on Robotics},
    author = {Brass, Peter and Cabrera-Mora, Flavio and Gasparri, Andrea and Xiao, Jizhong},
    doi = {10.1109/TRO.2011.2121170},
    number = {4},
    pages = {707--717},
    volume = {27}
}

@article{Delevacq2012,
    title = {Parallel GPU implementation of iterated local search for the travelling salesman problem},
    year = {2012},
    journal = {Lecture Notes in Computer Science (including subseries Lecture Notes in Artificial Intelligence and Lecture Notes in Bioinformatics)},
    author = {Del{\'{e}}vacq, Audrey and Delisle, Pierre and Krajecki, Micha{\"{e}}l},
    doi = {10.1007/978-3-642-34413-8{\_}30},
    pages = {372--377},
    volume = {7219 LNCS}
}

@article{Company1981,
    title = {Exact Algorithms for the Vehicle Routing Problem , Based on Spanning Tree and Shortest Path Relaxations},
    year = {1981},
    journal = {Imperial College, London SW7 2BX, England.},
    author = {Company, North-holland Publishing and Christofides, N and Mingozzi, a},
    doi = {10.1007/BF01589353},
    pages = {28},
    volume = {20}
}

@article{Giordani2010,
    title = {A Distributed Algorithm for the Multi-Robot Task Allocation Problem},
    year = {2010},
    journal = {IEA/AIE Proceedings of the 23rd International Conference on Industrial Engineering and Other Applications of Applied Intelligent Systems},
    author = {Giordani, Stefano and Lujak, Marin and Martinelli, Francesco},
    pages = {721--730}
}

@article{Sipahioglu2010,
    title = {Energy constrained multi-robot sensor-based coverage path planning using capacitated arc routing approach},
    year = {2010},
    journal = {Robotics and Autonomous Systems},
    author = {Sipahioglu, Aydin and Kirlik, Gokhan and Parlaktuna, Osman and Yazici, Ahmet},
    doi = {10.1016/j.robot.2010.01.005},
    pages = {529--538},
    volume = {58}
}

@article{Gutin2013,
    title = {Parameterized Complexity of k -Chinese Postman Problem},
    year = {2013},
    author = {Gutin, Gregory and Muciaccia, Gabriele and Yeo, Anders},
    doi = {10.1016/j.tcs.2013.10.012},
    number = {1},
    pages = {1--9}
}

@article{Osterhues2005,
    title = {On variants of the k-Chinese Postman Problem},
    year = {2005},
    journal = {Operations Research and …},
    author = {Osterhues, Andr{\'{e}} and Mariak, Frank}
}

@article{Pearn1994,
    title = {Solvable cases of the k-person Chinese postman problem},
    year = {1994},
    journal = {Operations Research Letters},
    author = {Pearn, Wen Lea},
    doi = {10.1016/0167-6377(94)90073-6},
    pages = {241--244},
    volume = {16}
}

@article{Gutin2013a,
    title = {Parameterized Complexity of k -Chinese Postman Problem},
    year = {2013},
    journal = {Theoretical Computer Science},
    author = {Gutin, Gregory and Muciaccia, Gabriele and Yeo, Anders},
    doi = {10.1016/j.tcs.2013.10.012},
    pages = {1--9},
    volume = {513},
    publisher = {Elsevier B.V.}
}

@article{Ahr2006,
    title = {A tabu search algorithm for the min-max k-Chinese postman problem},
    year = {2006},
    journal = {Computers and Operations Research},
    author = {Ahr, Dino and Reinelt, Gerhard},
    doi = {10.1016/j.cor.2005.02.011},
    pages = {3403--3422},
    volume = {33}
}

@article{Ahr2004,
    title = {Contributions to Multiple Postmen Problems},
    year = {2004},
    journal = {Naturwissenschaftlich-Mathematische Gesamtfakult{\"{a}}t},
    author = {Ahr, Dino},
    number = {September},
    pages = {198},
    volume = {Dr. rer. n}
}

@article{Benavent2009,
    title = {Min-Max K -vehicles windy rural postman problem},
    year = {2009},
    journal = {Networks},
    author = {Benavent, Enrique and Corber{\~{A}}¡n, Angel and Plana, Isaac and Sanchis, Jos{\~{A}}© M.},
    doi = {10.1002/net.20334},
    pages = {216--226},
    volume = {54}
}

@article{Willemse2012,
    title = {Applying min–max k postmen problems to the routing of security guards},
    year = {2012},
    journal = {Journal of the Operational Research Society},
    author = {Willemse, E J and Joubert, J W},
    doi = {10.1057/jors.2011.26},
    pages = {245--260},
    volume = {63}
}

@article{Gonzalez1985,
    title = {Clustering to minimize the maximum intercluster distance},
    year = {1985},
    journal = {Theoretical Computer Science},
    author = {Gonzalez, Teofilo F.},
    doi = {10.1016/0304-3975(85)90224-5},
    pages = {293--306},
    volume = {38}
}

@article{P,
    title = {Comparison of exploration strategies for multi-robot search},
    author = {Pˇ, Libor and Kulich, Miroslav}
}

@article{Laporte1985,
    title = {Optimal Routing under Capacity and Distance Restrictions},
    year = {1985},
    journal = {Operations Research},
    author = {Laporte, G. and Nobert, Y. and Desrochers, M.},
    doi = {10.1287/opre.33.5.1050},
    number = {5},
    pages = {1050--1073},
    volume = {33}
}

@article{Sipahioglu2010a,
    title = {Energy constrained multi-robot sensor-based coverage path planning using capacitated arc routing approach},
    year = {2010},
    journal = {Robotics and Autonomous Systems},
    author = {Sipahioglu, Aydin and Kirlik, Gokhan and Parlaktuna, Osman and Yazici, Ahmet},
    doi = {10.1016/j.robot.2010.01.005},
    number = {5},
    pages = {529--538},
    volume = {58},
    publisher = {Elsevier B.V.}
}

@article{Cepeda2012,
    title = {A behavior-based strategy for single and multi-robot autonomous exploration},
    year = {2012},
    journal = {Sensors (Switzerland)},
    author = {Cepeda, Jeśus S. and Chaimowicz, Luiz and Soto, Rogelio and Gordillo, Jośe L. and Alańis-Reyes, Ed́en a. and Carrillo-Arce, Luis C.},
    doi = {10.3390/s120912772},
    pages = {12772--12797},
    volume = {12}
}

@article{Ahr2002a,
    title = {New Heuristics and Lower Bounds for the Min-Max k -Chinese Postman Problem},
    year = {2002},
    author = {Ahr, Dino and Reinelt, Gerhard},
    pages = {64--74}
}

@article{Riazi2013,
    title = {Benders/gossip methods for heterogeneous multi-vehicle routing problems},
    year = {2013},
    journal = {IEEE International Conference on Emerging Technologies and Factory Automation, ETFA},
    author = {Riazi, Sarmad and Seatzu, Carla and Wigstrom, Oskar and Lennartson, Bengt},
    doi = {10.1109/ETFA.2013.6647983},
    pages = {1--6}
}

@article{Engineering1984,
    title = {The fleet},
    year = {1984},
    author = {Engineering, Industrial},
    number = {7985},
    pages = {329--337},
    volume = {22}
}

@article{Wurm2008,
    title = {Coordinated multi-robot exploration using a segmentation of the environment},
    year = {2008},
    journal = {2008 IEEE/RSJ International Conference on Intelligent Robots and Systems, IROS},
    author = {Wurm, Kai M. and Stachniss, Cyrill and Burgard, Wolfram},
    doi = {10.1109/IROS.2008.4650734},
    pages = {1160--1165}
}

@article{Wurm2008a,
    title = {Coordinated multi-robot exploration using a segmentation of the environment},
    year = {2008},
    journal = {2008 IEEE/RSJ International Conference on Intelligent Robots and Systems, IROS},
    author = {Wurm, Kai M. and Stachniss, Cyrill and Burgard, Wolfram},
    doi = {10.1109/IROS.2008.4650734},
    pages = {1160--1165}
}

@article{Xu2011a,
    title = {Market-based coordination of coupled robot systems},
    year = {2011},
    journal = {IEEE International Conference on Intelligent Robots and Systems},
    author = {Xu, Ling and Stentz, Anthony},
    doi = {10.1109/IROS.2011.6048159},
    pages = {2784--2789}
}

@article{Xu2011,
    title = {Graph Planning for Environmental Coverage},
    year = {2011},
    journal = {Framework},
    author = {Xu, Ling},
    number = {August}
}

@article{Chaimowicz2005,
    title = {Deploying air-ground multi-robot teams in urban environments},
    year = {2005},
    journal = {Multi-Robot Systems. …},
    author = {Chaimowicz, L and Cowley, A},
    doi = {10.1007/1-4020-3389-3{\_}18},
    pages = {223--234}
}

@article{Arezoumand2013,
    title = {Finding Objects with Segmentation Strategy based Multi Robot Exploration in Unknown Environment},
    year = {2013},
    journal = {Procedia - Social and Behavioral Sciences},
    author = {Arezoumand, Reza and Mashohor, Syamsiah and Marhaban, Mohammad Hamiruce},
    doi = {10.1016/j.sbspro.2013.10.276},
    pages = {580--586},
    volume = {97},
    publisher = {Elsevier B.V.}
}

@article{Batalin2004a,
    title = {Coverage, exploration and deployment by a mobile robot and communication network},
    year = {2004},
    journal = {Telecommunication Systems},
    author = {Batalin, Maxim and Sukhatme, Gaurav S.},
    doi = {10.1023/B:TELS.0000029038.31947.d1},
    pages = {181--196},
    volume = {26}
}

@article{Volkov2013,
    title = {Mikhail Volkov},
    year = {2013},
    author = {Volkov, Mikhail}
}

@article{Kumar2012,
    title = {Area Exploration by Flocking of Multi Robot},
    year = {2012},
    journal = {Procedia Engineering},
    author = {Kumar, Ashish and Sharma, Sanjeev and Tiwari, Ritu and Majumdar, Samriddhi},
    doi = {10.1016/j.proeng.2012.07.187},
    number = {Iris},
    pages = {377--382},
    volume = {41}
}

@book{Toth2002,
    title = {The vehicle routing problem},
    year = {2002},
    booktitle = {Optimization},
    author = {Toth, Paolo and Vigo, Daniele},
    doi = {10.1137/1.9780898718515},
    pages = {367},
    volume = {9}
}

@inproceedings{Oberlin2009,
    title = {A Transformation for a Heterogenous, Multiple Depot, Multiple Traveling Salesman Problem},
    year = {2009},
    booktitle = {American Control Conference Hyatt Regency Riverfront, St. Louis, MO, USA},
    author = {Oberlin, Paul and Rathinam, Sivakumar and Darbha, Swaroop},
    pages = {1292--1297}
}

@article{LaporteGNobertY,
    title = {Solving a family of multi-depot vehicle routing and location-routing problems},
    year = {1988},
    journal = {Transportation Science},
    author = {Laporte, G and Nobert, Y and Taillefer, S},
    number = {3},
    pages = {72--161},
    volume = {22}
}

@misc{Francescobook2009,
    title = {Distributed Control of Robotic Networks: A Mathematical Approach to Motion Coordination Algorithms (Princeton Series in Applied Mathematics): Francesco Bullo, Jorge Cort{\'{e}}s, Sonia Mart{\'{i}}nez: 9780691141954: Amazon.com: Books},
    year = {2009},
    author = {Bullo, Francesco and Cort{\'{e}}s, Jorge and Mart{\'{i}}nez, Sonia}
}

@article{Calisi,
    title = {Multi‐objective exploration and search for autonomous rescue robots},
    year = {2007},
    journal = {Journal of Field Robotics},
    author = {Calisi, Daniele and Farinelli, Alessandro},
    pages = {763--777},
    volume = {24}
}

@article{Adel,
    title = {Image Stitching based on Feature Extraction Techniques: A Survey.},
    year = {2014},
    journal = {International Journal of Computer …},
    author = {Adel, Ebtsam and Elmogy, Mohammed and Elbakry, H},
    number = {6},
    pages = {1--8},
    volume = {99}
}

@article{Yamauchi,
    title = {A frontier-based approach for autonomous exploration},
    year = {1997},
    journal = {In Proc. of Intelligence in Robotics and Automation},
    author = {Yamauchi, Brian},
    month = {7},
    pages = {146--151},
    publisher = {IEEE}
}

@article{Backtracking,
    title = {Improved Backtracking Algorithm for Efficient Sensor-Based Random Tree Exploration},
    year = {2013},
    journal = {In Proc. of Fifth International Conference on Computational Intelligence, Communication Systems and Networks},
    author = {El-Hussieny, Haitham and Assal, Samy F M and Abdellatif, Mohamed},
    month = {6},
    pages = {19--24},
    publisher = {IEEE}
}

@article{Zelinsky1993,
    title = {Planning Paths of Complete Coverage of an Unstructured Environment by a Mobile Robot},
    year = {1993},
    journal = {In Proc. of International Conference on Advanced Robotics},
    author = {Zelinsky, A and Jarvis, R A and Byrne, J C and Yuta, S},
    pages = {533--538}
}

@article{Galceran2013,
    title = {A survey on coverage path planning for robotics},
    year = {2013},
    journal = {Robotics and Autonomous Systems},
    author = {Galceran, Enric and Carreras, Marc},
    number = {12},
    month = {12},
    pages = {1258--1276},
    volume = {61},
    publisher = {Elsevier B.V.}
}

@book{Lezoray,
    title = {Image Processing and Analysis with Graphs: Theory and Practice},
    year = {2012},
    author = {Lezoray, Olivier and Grady, Leo},
    edition = {illustrate},
    editor = {Grady, O L{\textbackslash}'ezoray and L.},
    publisher = {CRC Press / Taylor and Francis}
}

@book{DesignMontogomery,
    title = {Design and Analysis of Experiments},
    year = {2012},
    author = {Montgomery, Douglas C},
    edition = {8th},
    pages = {752},
    publisher = {John Wiley {\&} Sons, Inc.}
}

@article{Bojkovic,
    title = {One solution for cross-country transport-sustainability evaluation using a modified ELECTRE method},
    year = {2010},
    journal = {Ecological Economics},
    author = {Bojković, Nata{\v{s}}a and Anić, Ivan and Pej{\v{c}}ić-Tarle, Sne{\v{z}}ana},
    number = {5},
    month = {3},
    pages = {1176--1186},
    volume = {69}
}

@article{Deb2002b,
    title = {A fast and elitist multiobjective genetic algorithm: NSGA-II},
    year = {2002},
    journal = {IEEE Transactions on Evolutionary Computation},
    author = {Deb, Kalyanmoy and Pratap, Amrit and Agarwal, S and Meyarivan, T},
    number = {2},
    pages = {182--197},
    volume = {6}
}

@article{Bay,
    title = {Speeded-Up Robust Features (SURF)},
    year = {2008},
    journal = {Computer Vision and Image Understanding},
    author = {Bay, Herbert and Ess, Andreas and Tuytelaars, Tinne and Van Gool, Luc},
    number = {3},
    month = {6},
    pages = {346--359},
    volume = {110}
}

@book{Crawley2012,
    title = {The R book},
    year = {2012},
    author = {Crawley, M J},
    edition = {2nd},
    publisher = {John Wiley {\&} Sons}
}

@article{Grady,
    title = {Multi-objective sensor-based replanning for a car-like robot},
    year = {2012},
    journal = {In Proc. of IEEE International Symposium on Safety, Security, and Rescue Robotics (SSRR)},
    author = {Grady, D K and Moll, M and Hegde, C and Sankaranarayanan, A.C and Baraniuk, R.G and Kavraki, L.E},
    pages = {1--6},
    publisher = {IEEE}
}

@book{chinese,
    title = {Decision Math 1: Advancing Maths for AQA},
    year = {2004},
    author = {Pearson, David and Bryant, Victor},
    chapter = {3},
    edition = {Advancing},
    pages = {224},
    volume = {01},
    publisher = {Heinemann}
}

@book{Stuckler,
    title = {Increasing flexibility of mobile manipulation and intuitive human-robot interaction in robocup @home},
    year = {2014},
    booktitle = {RoboCup 2013},
    author = {St{\"{u}}ckler, J and Droeschel, David and Gr{\"{a}}ve, K and Holz, D and Schreiber, M and Topalidou-Kyniazopoulou, A and Schwarz, M and Behnke, S},
    pages = {135--146},
    volume = {LNCS 8371},
    publisher = {Springer Berlin Heidelberg}
}

@article{Arkin,
    title = {Approximation algorithms for the geometric covering salesman problem},
    year = {1994},
    journal = {Discrete Applied Mathematics},
    author = {Arkin, E M and Hassin, R},
    number = {93}
}

@incollection{Marjovib,
    title = {Multi-robot fire searching in unknown environment},
    year = {2010},
    booktitle = {Field and Service Robotics},
    author = {Marjovi, Ali and Nunes, Joao G and Marques, Lino and Almeida, Anibal de},
    pages = {341--351},
    volume = {62}
}

@book{Montgomery,
    title = {Applied Statistics and Probability for Engineers},
    year = {2013},
    author = {Montgomery, Douglas C and Runger, George C},
    edition = {6th},
    publisher = {John Wiley {\&} Sons}
}

@article{Eiselt1995,
    title = {Arc routing problems, part I: The Chinese postman problem},
    year = {1995},
    journal = {Operations Research},
    author = {Eiselt, H A and Gendreau, M and Laporte, G},
    number = {2},
    pages = {231--242},
    volume = {43}
}

@article{Quigley,
    title = {ROS : an open-source Robot Operating System},
    year = {2009},
    journal = {International conference on Robotics and Automation (ICRA)},
    author = {Quigley, Morgan and Gerkey, Brian and Conley, Ken and Faust, Josh and Foote, Tully and Leibs, Jeremy and Berger, Eric and Wheeler, Rob and Ng, Andrew},
    number = {3.2},
    volume = {3}
}

@article{DasGupta,
    title = {Aggregation-based approaches to honey-pot searching with local sensory information},
    year = {2004},
    journal = {In Proc. of the American Control Conference},
    author = {DasGupta, Bhaskar and Hespanha, Joao P. and Sontag, Eduardo},
    pages = {1202--1207},
    volume = {2},
    publisher = {IEEE}
}

@article{Davoodi,
    title = {Multi-objective path planning in discrete space},
    year = {2013},
    journal = {Applied Soft Computing},
    author = {Davoodi, Mansoor and Panahi, Fatemeh and Mohades, Ali and Hashemi, Seyed Naser},
    number = {1},
    month = {1},
    pages = {709--720},
    volume = {13},
    publisher = {Elsevier B.V.}
}

@inproceedings{Oriolo,
    title = {The SRT Method : Randomized strategies for exploration},
    year = {2004},
    booktitle = {In Proc. of IEEE International Conference on Robotics and Automation},
    author = {Oriolo, Giuseppe and Vendittelli, Marilena and Freda, Luigi and Troso, Giulio},
    number = {April},
    pages = {4688--4694},
    volume = {5},
    publisher = {IEEE}
}

@article{Huijuan,
    title = {Fast image matching based-on improved SURF algorithm},
    year = {2011},
    journal = {In Proc. of International Conference on Electronics, Communications and Control (ICECC)},
    author = {Huijuan, Zhang and Qiong, Hu},
    number = {1},
    month = {9},
    pages = {1460--1463},
    publisher = {IEEE}
}

@article{Souza,
    title = {Improved NSGA-II Based on a Novel Ranking Scheme},
    year = {2010},
    author = {Souza, Rio G L D and Sekaran, K Chandra and Kandasamy, A},
    number = {2},
    pages = {91--95},
    volume = {2}
}

@article{Lau2010,
    title = {Improved updating of Euclidean distance maps and Voronoi diagrams},
    year = {2010},
    journal = {In Proc. of Intelligent Robots and Systems (IROS)},
    author = {Lau, B and Sprunk, C and Burgard, W},
    month = {10},
    pages = {281--286},
    publisher = {IEEE}
}

@article{Li2013,
    title = {Face Recognition Based on Improved SURF},
    year = {2013},
    journal = {In Proc. of Third International Conference on Intelligent System Design and Engineering Applications},
    author = {Li, Haiyan and Xu, Tingrong and Li, Jie and Zhang, Lixiao},
    month = {1},
    pages = {755--758},
    publisher = {Ieee}
}

@book{Li,
    title = {An approximate algorithm for solving the watchman route problem},
    year = {2008},
    author = {Li, Fajie and Klette, Reinhard},
    pages = {189--206},
    volume = {4931},
    publisher = {Springer Berlin Heidelberg}
}

@inproceedings{Amigoni,
    title = {A multi-objective exploration strategy for mobile robots},
    year = {2005},
    booktitle = {In Proc. of the IEEE International Conference on Robotics and Automation},
    author = {Amigoni, Francesco and Gallo, Alessandro},
    pages = {3850--3855},
    publisher = {IEEE}
}

@article{Wattana,
    title = {Mobile Robot Exploration by Using Environmental Boundary Information},
    year = {2013},
    journal = {ISRN Robotics},
    author = {Wattanavekin, Theeraphol and Ogata, Taiki and Hara, Tatsunori and Ota, Jun},
    publisher = {IEEE}
}

@article{NBV,
    title = {A sensor-based solution to the “next best view” problem},
    year = {1996},
    journal = {Pattern Recognition, 1996., Proceedings of the 13th …},
    author = {Pito, Richard},
    pages = {941--945},
    volume = {1},
    publisher = {IEEE}
}

@article{El-Hussieny,
    title = {Improved Sensor-Based Mobile Robot Exploration of Novel Environments},
    journal = {researchgate.net},
    author = {El-Hussieny, H and Assal, S F M and Abdellatif, M}
}

@article{Edmonds1973b,
    title = {Matching, Euler tours and the Chinese postman},
    year = {1973},
    journal = {Mathematical Programming},
    author = {Edmonds, Jack and Johnson, Ellis L},
    number = {1},
    pages = {88--124},
    volume = {5}
}

@book{Lavalle,
    title = {Planning algorithms},
    year = {2006},
    author = {LaValle, S M}
}

@article{Arezoumand2013b,
    title = {Finding Objects with Segmentation Strategy based Multi Robot Exploration in Unknown Environment},
    year = {2013},
    journal = {Procedia - Social and Behavioral Sciences},
    author = {Arezoumand, Reza and Mashohor, Syamsiah and Marhaban, Mohammad Hamiruce},
    month = {11},
    pages = {580--586},
    volume = {97},
    publisher = {Elsevier B.V.}
}

@article{Xu2010,
    title = {A fast traversal heuristic and optimal algorithm for effective environmental coverage},
    year = {2010},
    journal = {Robotics: Science and Systems (RSS)},
    author = {Xu, Ling and Stentz, A},
    month = {6},
    publisher = {The MIT Press}
}

@article{Dornhege,
    title = {A frontier-void-based approach for autonomous exploration in 3D},
    year = {2013},
    journal = {Advanced Robotics},
    author = {Dornhege, Christian and Kleiner, Alexander},
    number = {6},
    month = {11},
    pages = {459--468},
    volume = {27},
    publisher = {Ieee}
}

@article{Lucian,
    title = {No Title}
}

@article{Garrido2006,
    title = {Path planning for mobile robot navigation using voronoi diagram and fast marching},
    year = {2011},
    journal = {In Proc. of the International Journal of Robotics and Automation (IJRA)},
    author = {Bullon, Garrido and Santiago, Luis and Lorente, Moreno and Enrique, Luis and Rojas, Blanco and Dolores and Pawel, Piotr},
    number = {1},
    pages = {42--64},
    volume = {2}
}

@article{Amanaiadis,
    title = {A multi-objective exploration strategy for mobile robots under operational constraints},
    year = {2013},
    journal = {Access, IEEE},
    author = {Amanatiadis, A.A. and Chatzichristofis, S.A. and Charalampous, K. and Doitsidis, L. and Kosmatopoulos, E.B. and Tsalides, P. and Gasteratos, A. and Roumeliotis, S.I.},
    pages = {691--702},
    volume = {1}
}

@article{Latombe,
    title = {Navigation strategies for exploring indoor environments},
    year = {2002},
    journal = {The International Journal of Robotics Research},
    author = {Latombe, Jean Claude and Gonzales-Banos, Hector H},
    pages = {829-848},
    volume = {21}
}

@article{Sun2011b,
    title = {A New Integer Programming Formulation for the Chinese Postman Problem with Time Dependent Travel Times},
    year = {2011},
    journal = {Computing and Combinatorics - 17th Annual International Conference,},
    author = {Sun, Jinghao and Tan, Guozhen},
    pages = {414--431},
    publisher = {Springer Berlin Heidelberg}
}

@article{edinger94,
    title = {Exploration of an indoor-environment by an autonomous mobile robot},
    year = {1994},
    journal = {…and the Real World', IROS'94. …},
    author = {Edlinger, Thomas and Von Puttkamer, E},
    pages = {1278--1284},
    volume = {2},
    publisher = {IEEE}
}

@article{Shanian,
    title = {ELECTRE I Decision Support Model for Material Selection of Bipolar Plates for Polymer Electrolyte Fuel Cells Applications},
    year = {2006},
    journal = {Journal of New Materials for Electrochemical Systems},
    author = {Shanian, A and Savadogo, O},
    pages = {191--199},
    volume = {199}
}

@article{Zhang2014,
    title = {An efficient image matching method using Speed Up Robust Features},
    year = {2014},
    journal = {In Proc. of IEEE International Conference on Mechatronics and Automation},
    author = {Zhang, Baofeng and Jiao, Yingkui and Ma, Zhijun and Li, Yongchen and Zhu, Junchao},
    month = {8},
    pages = {553--558},
    publisher = {Ieee}
}

@book{Crawley2012b,
    title = {The R book},
    year = {2012},
    author = {Crawley, M J},
    edition = {2nd},
    publisher = {John Wiley {\&} Sons}
}

@article{Lucianb,
    title = {No Title}
}

@article{NirmalSingh2011,
    title = {A two-layered subgoal based mobile robot navigation algorithm with vision system and IR sensors},
    year = {2011},
    journal = {Measurement},
    author = {Nirmal Singh, N. and Chatterjee, Avishek and Chatterjee, Amitava and Rakshit, Anjan},
    number = {4},
    month = {5},
    pages = {620--641},
    volume = {44}
}

@article{Flurt1883,
    title = {Deux probl{\`{e}}mes de G{\'{e}}om{\'{e}}trie de situation},
    year = {1883},
    journal = {Journal de math{\'{e}}matiques {\'{e}}l{\'{e}}mentaires, 2nd ser. (in French)},
    author = {Flurt, M},
    pages = {257–261}
}

@article{He2015,
    title = {Autonomous navigation based on unscented-FastSLAM using particle swarm optimization for autonomous underwater vehicles},
    year = {2015},
    journal = {Measurement},
    author = {He, Bo and Ying, Lulu and Zhang, Shujing and Feng, Xiao and Yan, Tianhong and Nian, Rui and Shen, Yue},
    volume = {in press}
}

@article{Sanchez2012,
    title = {Autonomous indoor ultrasonic positioning system based on a low-cost conditioning circuit},
    year = {2012},
    journal = {Measurement},
    author = {Sanchez, Alberto and de Castro, Angel and Elvira, Santiago and Glez-de-Rivera, Guillermo and Garrido, Javier},
    number = {3},
    month = {4},
    pages = {276--283},
    volume = {45}
}

@article{BhaskarDasgupta,
    title = {Honey-pot constrained searching with local sensory information. Nonlinear Analysis: Hybrid Systems and Applications},
    author = {Bhaskar Dasgupta, Jo{\~{a}}o P. Hespanha, James Riehl, Eduardo Sontag}
}

@article{Freda2005,
    title = {Frontier-based probabilistic strategies for sensor-based exploration},
    year = {2005},
    journal = {In Proc. of IEEE International Conference on Robotics and Automation (ICRA)},
    author = {Freda, Luigi and Oriolo, Giuseppe},
    number = {April},
    pages = {3881--3887},
    volume = {2005}
}

@article{Amigoni2008,
    title = {Experimental evaluation of some exploration strategies for mobile robots},
    year = {2008},
    journal = {In Proc. of the IEEE International Conference on Robotics and Automation},
    author = {Amigoni, Francesco},
    pages = {2818--2823}
}

@article{Franchi2007,
    title = {A Decentralized Strategy for Cooperative Robot Exploration},
    year = {2007},
    journal = {In Proc. of First International Conference on Robot Communication and Coordination (ROBOCOMM)},
    author = {Franchi, Antonio and Oriole, G and Reda, L and Vendittelli, M},
    number = {April},
    pages = {1--8}
}

@book{BrankeJ.DebK.MiettinenK.Slowinski,
    title = {Multiobjective Optimization - Interactive and Evolutionary Approaches},
    year = {2008},
    author = {Branke, J. and Deb, K. and MiettinenK. and Slowiński, R},
    pages = {470}
}

@article{Julia2010,
    title = {A hybrid solution to the multi-robot integrated exploration problem},
    year = {2010},
    journal = {Engineering Applications of Artificial Intelligence},
    author = {Juli{\'{a}}, Miguel and Reinoso, {\'{O}}scar and Gil, Arturo and Ballesta, M{\'{o}}nica and Pay{\'{a}}, Luis},
    pages = {473--486},
    volume = {23}
}

@article{Maohai2013,
    title = {Robust omnidirectional mobile robot topological navigation system using omnidirectional vision},
    year = {2013},
    journal = {Engineering Applications of Artificial Intelligence},
    author = {Maohai, Li and Han, Wang and Lining, Sun and Zesu, Cai},
    number = {8},
    pages = {1942--1952},
    volume = {26},
    publisher = {Elsevier}
}

@inproceedings{Desai1998,
    title = {Controlling formations of multiple mobile robots},
    year = {1998},
    booktitle = {In Proc. of the IEEE International Conference on Robotics and Automation},
    author = {Desai, J.P. and Ostrowski, J. and Kumar, V.},
    pages = {2864--2869},
    volume = {4},
    publisher = {IEEE}
}

@book{HerbertFleischner1991,
    title = {Eulerian Graphs and Related Topics, Part 1, Volume 2},
    year = {1991},
    author = {Fleischner, Herbert},
    pages = {336},
    publisher = {Elsevier, Amsterdam}
}

@book{Larson1981,
    title = {Urban Operations Research},
    year = {1981},
    author = {Larson, Richard C. and Odoni, Amedeo R.},
    pages = {573},
    publisher = {Prentice-Hall}
}

@inproceedings{reza2014,
    title = {Distributed Safe Deployment of Networked Robots},
    year = {2014},
    booktitle = {The 12th International Symposium on Distributed Autonomous Robotic Systems (DARS)},
    author = {Javanmard Alitappeh, Reza and C. A. Pimenta, Luciano},
    pages = {452--464}
}

@article{Contreras-Cruz2015,
    title = {Mobile robot path planning using artificial bee colony and evolutionary programming},
    year = {2015},
    journal = {Applied Soft Computing},
    author = {Contreras-Cruz, Marco a. and Ayala-Ramirez, Victor and Hernandez-Belmonte, Uriel H.},
    pages = {319--328},
    volume = {30},
    publisher = {Elsevier B.V.}
}

@article{Korsah2013,
    title = {A comprehensive taxonomy for multi-robot task allocation},
    year = {2013},
    journal = {The International Journal of Robotics Research},
    author = {Korsah, G. A. and Stentz, A. and Dias, M. B.},
    number = {12},
    month = {10},
    pages = {1495--1512},
    volume = {32}
}

@article{Zlot2005,
    title = {Complex Task Allocation For Multiple Robots},
    year = {2005},
    journal = {In Proc. of IEEE International Conference on Robotics and Automation (ICRA)},
    author = {Zlot, Robert and Stentz, Anthony},
    pages = {1515--1522}
}

@article{Zhang2012,
    title = {Robot Path Planning in Uncertain Environment Using Multi-objective Particle Swarm Optimization},
    year = {2012},
    journal = {Neurocomputing},
    author = {Zhang, Yong and Gong, Dun-wei and Zhang, Jian-hua},
    pages = {172--185},
    volume = {103},
    publisher = {Elsevier}
}

@article{Reese2006,
    title = {Solution methods for thep-median problem: An annotated bibliography},
    year = {2006},
    journal = {Networks},
    author = {Reese, J.},
    number = {3},
    month = {10},
    pages = {125--142},
    volume = {48}
}

@article{Fjallstrom1998,
    title = {Algorithms for graph partitioning: A survey},
    year = {1998},
    journal = {Linkoping Electronic Articles in Computer and Information Science},
    author = {Fjallstrom, P.-O.},
    number = {10},
    volume = {3}
}

@article{Gabriely,
    title = {Spanning-tree based coverage of continuous areas by a mobile robot},
    year = {2001},
    journal = {Annals of Mathematics and Artificial Intelligence},
    author = {Gabriely, Yoav and Rimon, Elon},
    number = {1-4},
    pages = {77--98},
    volume = {31},
    publisher = {Kluwer Academic Publishers}
}

@article{Jensen2003,
    title = {Reducing the Run-Time Complexity of Multiobjective EAs: The NSGA-II and Other Algorithms},
    year = {2003},
    journal = {IEEE Transactions on Evolutionary Computation},
    author = {Jensen, M.T.},
    number = {5},
    month = {10},
    pages = {503--515},
    volume = {7},
    publisher = {IEEE}
}

@inproceedings{Liu2010,
    title = {Reducing the run-time complexity of NSGA-II for bi-objective optimization problem},
    year = {2010},
    booktitle = {In proc. of IEEE International Conference on Intelligent Computing and Intelligent Systems},
    author = {Liu, Min and Zeng, Wenhua},
    month = {10},
    pages = {546--549},
    volume = {2},
    publisher = {IEEE}
}

@article{Nowzari2012,
    title = {Self-triggered coordination of robotic networks for optimal deployment},
    year = {2012},
    journal = {Automatica},
    author = {Nowzari, C. and Cort{\'{e}}s, J.},
    number = {6},
    pages = {1077--1087},
    volume = {48},
    publisher = {Elsevier Ltd}
}

@inproceedings{Bendik2014,
    title = {Heuristics for improving the solution of p-median location problem with Erlenkotter approach},
    year = {2014},
    booktitle = {In proc. of the 10th International Conference on Digital Technologies},
    author = {Bendik, Jan},
    month = {7},
    pages = {7--11},
    publisher = {IEEE}
}

@techreport{Holder2007,
    title = {The relationship between discrete vector quantization and the p-median problem},
    year = {2007},
    author = {Holder, A. and Lim, G. and Reese, J.},
    pages = {102}
}

@article{Bendik,
    title = {Solving the p-median location problem with the Erlenkotter approach in public service system design},
    author = {Bend{\'{i}}k, J{\'{a}}n},
    pages = {25--33}
}

@article{Lim2009,
    title = {Fast and robust techniques for the euclidean p-median problem with uniform weights},
    year = {2009},
    journal = {Computers and Industrial Engineering},
    author = {Lim, G. J. and Reese, J. and Holder, a.},
    doi = {10.1016/j.cie.2009.03.016},
    pages = {896--905},
    volume = {57}
}

@article{Eilon1978,
    title = {Note--Single and Double Vertex Substitution in Heuristic Procedures for the p-Median Problem},
    year = {1978},
    journal = {Management Science},
    author = {Eilon, S. and Galvao, R. D.},
    doi = {10.1287/mnsc.24.16.1763},
    number = {June 2015},
    pages = {1763--1766},
    volume = {24}
}

@article{Werneck2003,
    title = {A Hybrid Heuristic for the p -Median Problem ∗},
    year = {2003},
    author = {Werneck, Renato F},
    pages = {1--26},
    volume = {2002}
}

@article{Senne2005,
    title = {A branch-and-price approach to p-median location problems},
    year = {2005},
    journal = {Computers and Operations Research},
    author = {Senne, Edson L F and Lorena, Luiz a N and Pereira, Marcos a.},
    pages = {1655--1664},
    volume = {32}
}

@article{Brimberg2013,
    title = {A new heuristic for solving the p-median problem in the plane},
    year = {2013},
    journal = {Computers and Operations Research},
    author = {Brimberg, Jack and Drezner, Zvi},
    number = {1},
    pages = {427--437},
    volume = {40},
    publisher = {Elsevier}
}

@article{Landa-Torres2012,
    title = {A comparative study of two hybrid grouping evolutionary techniques for the capacitated P-median problem},
    year = {2012},
    journal = {Computers and Operations Research},
    author = {Landa-Torres, I. and Del Ser, J. and Salcedo-Sanz, S. and Gil-Lopez, S. and Portilla-Figueras, J. a. and Alonso-Garrido, O.},
    number = {9},
    pages = {2214--2222},
    volume = {39},
    publisher = {Elsevier}
}

@article{Fleszar2008,
    title = {An effective VNS for the capacitated p-median problem},
    year = {2008},
    journal = {European Journal of Operational Research},
    author = {Fleszar, K. and Hindi, K. S.},
    pages = {612--622},
    volume = {191}
}

@article{Yaghini2013,
    title = {A hybrid metaheuristic approach for the capacitated p-median problem},
    year = {2013},
    journal = {Applied Soft Computing Journal},
    author = {Yaghini, Masoud and Karimi, Mohammad and Rahbar, Mohadeseh},
    number = {9},
    pages = {3922--3930},
    volume = {13},
    publisher = {Elsevier B.V.}
}

@article{Werneck2003a,
    title = {A Hybrid Heuristic for the p -Median Problem ∗},
    year = {2003},
    author = {Werneck, Renato F},
    pages = {1--26},
    volume = {2002}
}

@misc{NoTitle,
    title = {No Title}
}

@inproceedings{M.QuigleyB.GerkeyK.ConleyJ.FaustT.FooteJ.LeibsRos:System,
    title = {Ros: an open-source robot operating system},
    author = {M. Quigley, B. Gerkey, K. Conley, J. Faust, T. Foote, J. Leibs, E. Berger and R. Wheeler, and A. Ng}
}

@article{IntroductionEdition,
    title = {Introduction to Algorithms, Second Edition}
}

@book{Cormen2001IntroductionEdition,
    title = {Introduction to Algorithms, Second edition},
    year = {2001},
    author = {Cormen, Thomas H. and Leiserson, Charles E. and Rivest, Ronald L. and Stein, Clifford}
}