@article{Stergi2011,
author = {Stergiopoulos, Yiannis and Tzes, Anthony},
file = {:C$\backslash$:/Users/Reza/AppData/Local/Mendeley Ltd./Mendeley Desktop/Downloaded/Stergiopoulos, Tzes - 2011 - Coverage-oriented coordination of mobile heterogeneous networks.pdf:pdf},
isbn = {9781457701238},
journal = {In prc. of Mediterranian Control \& Automation (MED)},
pages = {175--180},
title = {{Coverage-oriented coordination of mobile heterogeneous networks}},
year = {2011}
}
@inproceedings{reza2014,
author = {{Javanmard Alitappeh}, Reza and {C. A. Pimenta}, Luciano},
booktitle = {The 12th International Symposium on Distributed Autonomous Robotic Systems (DARS)},
pages = {452--464},
title = {{Distributed Safe Deployment of Networked Robots}},
year = {2014}
}
@article{Cortes2004,
author = {Cortes, J and Martinez, S and Karatas, T and Bullo, Francesco},
file = {:C$\backslash$:/Users/Reza/AppData/Local/Mendeley Ltd./Mendeley Desktop/Downloaded/Cortes, J, Martinez, S, T. Karatas - 2004 - Coverage control for mobile sensing networks.pdf:pdf},
journal = {Robotics and Automation, IEEE Transactions on},
number = {2},
pages = {243--255},
title = {{Coverage control for mobile sensing networks}},
volume = {20},
year = {2004}
}
@article{Yun2013,
author = {Yun, Seung-kook and Rus, Daniela},
file = {:C$\backslash$:/Users/Reza/AppData/Local/Mendeley Ltd./Mendeley Desktop/Downloaded/Yun, Rus - 2013 - Distributed coverage with mobile robots on a graph locational optimization and equal-mass partitioning.pdf:pdf},
issn = {0263-5747},
journal = {Robotica},
keywords = {distributed algorithms,modular robots,multi-robot systems,path planning on},
month = dec,
number = {02},
pages = {257--277},
title = {{Distributed coverage with mobile robots on a graph: locational optimization and equal-mass partitioning}},
volume = {32},
year = {2013}
}